915 1302
169 38 189 51 ,ω
378 35 402 49 εκ
413 35 427 49 s.
437 35 557 54 Congregmm
570 35 632 50 comm

170 88 238 107 fiscalis
248 89 365 107 interventus
375 89 394 107 in
409 89 497 107 omnibus
506 89 580 107 iudiciis
594 89 722 108 criminalibus
732 89 767 108 sub
776 96 840 114 poena

170 120 260 138 nullitatis
279 120 385 144 requiratur
403 120 455 139 iuxta
474 120 575 145 pellegrini
594 120 664 145 (Prax.
690 120 736 141 Via..
749 123 802 145 part.
819 126 839 145 4,

169 154 210 170 sect.
220 157 237 172 1,
249 158 267 170 n.
278 151 318 176 20),
329 155 393 170 tamen
403 152 531 171 abstrahendo
541 158 552 170 a
562 152 608 170 iuris
617 152 693 176 positivi
707 151 838 176 dispositione,

170 182 196 201 uti
211 182 269 201 tradit
283 182 344 201 Bouix
354 182 395 207 (loc.
404 183 442 203 cit..
453 183 487 201 vol.
499 188 514 203 l,
520 186 567 207 pag.
578 183 626 208 475)
636 183 722 202 absolute
734 187 799 207 posset
808 183 840 202 ali-

170 214 221 238 quod
240 213 336 233 eriminale
351 213 439 233 iudicium
459 214 544 239 expediri
562 215 603 234 sine
621 214 707 233 eiusdem
726 215 839 234 interventu.

210 245 240 264 Ex
255 245 370 264 elucubratis
388 245 437 264 circa
454 246 537 264 indolem
556 246 612 264 officii
632 247 747 270 promotoris
764 246 839 267 fiscalis,

170 283 212 295 cum
227 283 250 295 ea
263 283 287 295 ex
302 276 341 295 iure
356 276 439 295 humano
449 277 474 295 sit
483 277 593 301 repetenda,
604 277 659 295 insert
668 277 709 301 ipse
719 278 770 301 quod
784 278 841 296 inter—

169 312 238 326 ventus
252 308 379 332 procuratoris
393 308 463 326 fiscalis
478 308 496 326 in
511 307 585 326 iudiciis
600 314 636 327 non
652 312 716 332 potest
734 309 840 333 computari

170 339 218 357 inter
232 339 363 358 solemnitates
373 345 385 357 a
394 339 434 357 iure
444 339 524 358 naturali
538 340 670 364 praescriptas,
681 344 701 358 et
710 339 789 364 proinde
798 340 840 358 eius

170 370 235 388 citatio
248 374 268 388 et
282 370 354 389 auditio
368 370 387 388 in
402 370 476 388 iudiciis
490 370 602 391 summariis,
616 370 634 388 in
648 371 717 395 quibus
731 371 840 395 proceditur

170 401 194 420 de
209 401 265 425 plano
280 405 353 419 tantum
368 401 410 419 sacti
425 401 504 420 veritate
519 401 610 426 inspecta,
626 408 663 420 non
678 405 708 420 est
726 402 839 421 necessaria.

157 432 246 451 -Deinde
265 433 309 451 dato
328 433 385 451 etiam
403 437 422 451 et
441 439 478 451 non
493 439 585 451 concesso
601 433 652 457 quod
666 431 714 451 'eius
732 433 840 457 praesentia

169 464 281 488 requiratur,
296 464 424 488 procuratoris
437 464 546 488 designatio
560 468 580 482 et
593 464 693 488 deputatio
707 464 746 482 fieri
761 464 841 482 deberet

169 495 198 513 vel
213 501 224 513 a
239 495 315 514 Vicario
329 495 414 520 generali
429 495 459 513 vel
473 495 497 513 ab
508 495 605 520 Episcopo
620 495 655 513 sub
669 501 732 519 poena
742 495 838 516 nuliitatis,

169 533 211 545 cum
231 526 299 545 fiscalis
317 531 415 551 promotor
430 527 454 545 sit
472 527 547 551 species
565 527 698 551 procuratoris.
714 533 747 545 seu
767 531 787 545 ut
800 527 841 551 qui-

169 558 215 576 libet
229 557 277 576 alius
297 557 431 576 mandatarius.
449 557 488 576 Sed
506 564 548 576 eum
566 558 584 575 in
599 558 639 576 iure
654 557 764 576 admittatur
783 558 841 576 etiam

169 589 228 607 tacita
243 589 370 613 procuratoris
384 589 483 613 deputatio
499 589 525 607 uti
540 589 596 607 docet
615 588 784 613 Schmalzgrueber
801 588 839 613 (tit.

169 620 191 638 dt
205 623 309 644 procurat-¹
329 626 348 640 n.
367 625 393 644 25
410 622 427 638 et
444 620 496 644 seq),
515 620 624 638 huiusmodi
640 620 740 644 deputatio
757 620 775 638 in
795 626 840 638 casu

170 652 206 670 dici
221 655 286 676 posset
300 652 324 670 ab
338 651 436 676 Episcopo
450 648 519 670 collata
535 651 554 670 in
568 651 678 676 parochum,
694 651 725 676 qui
744 655 774 669 est
788 655 840 670 natu-

170 683 213 701 ralis
228 683 310 701 fabricae
325 683 416 701 ecelesiae
431 682 543 707 paroecialis
557 682 703 701 administrator.

210 714 268 738 ldque
283 720 307 732 eo
322 714 384 739 magis
398 715 518 733 retinendum
533 718 603 735 censet,
616 714 661 738 quia
675 718 773 738 promotor
787 713 840 732 fisca-

169 745 197 766 lis,
213 749 233 764 ut
247 745 327 769 quilibet
341 745 389 764 alius
404 749 520 769 procurator,
536 751 574 763 non
585 745 626 769 agit
639 751 673 769 pro
688 749 795 769 praesente,
806 746 839 764 sed

169 783 204 801 pro
218 777 302 798 absente,
318 777 350 801 qui
364 782 399 801 per
412 783 433 795 se
448 777 513 800 nequit
527 782 569 794 sese
579 776 693 794 defendere:
709 776 735 794 uti
750 776 768 794 in
784 777 841 795 bene-

169 808 212 827 ficio
225 812 312 828 vacante.
332 807 383 832 quod
397 812 471 826 rectore
490 811 547 828 caret,
562 811 582 825 et
596 807 639 826 hinc
653 807 670 825 ei
686 807 772 832 deputari
792 808 840 826 solet

169 839 258 858 defensor
270 846 295 857 ex
310 839 383 860 officim
399 839 425 857 ita
443 839 501 857 etiam
516 839 554 857 fieri
574 838 623 857 solet
636 845 671 863 pro
685 839 761 857 vinculo
779 839 840 858 matri-

170 870 252 891 moniali,
268 874 288 889 et
301 870 426 895 professionis
446 870 548 895 religiosae
565 870 584 888 in
603 876 656 888 saera
677 870 803 892 ordinatione,
821 870 839 889 in

169 901 269 920 criminum
290 902 428 926 persecutione.
447 901 492 926 quia
511 901 529 919 in
551 901 580 919 his
601 901 696 920 vinculum
718 901 838 922 matrimonii,

169 932 292 957 professionis
313 932 420 957 religiosae,
442 939 496 951 saera
517 932 617 953 ordinatio,
639 936 659 951 et
679 932 710 951 lex
730 933 840 951 criminosos

145 959 148 961 ⁵
169 970 265 985 coercens,
280 968 346 982 carent
364 963 422 982 tutela
441 970 474 982 seu
493 963 599 982 defensore.
622 963 660 983 cfr.
676 964 730 989 Lega
746 964 786 989 (loc.
801 964 839 984 cil„

169 1001 187 1014 n.
202 994 243 1020 69).
265 995 293 1013 At
310 994 357 1013 haec
376 995 480 1013 necessitas
493 995 598 1019 deputandi
613 994 631 1013 in
646 995 716 1013 iudicio
737 995 840 1013 summario

169 1026 288 1044 defensorem
303 1032 327 1044 ex
342 1026 410 1047 officio,
425 1025 503 1050 quando
521 1026 584 1050 prouti
603 1025 621 1044 in
637 1032 681 1044 casu
698 1026 761 1050 agitur
775 1026 799 1044 de
813 1030 840 1044 tu>

167 1057 226 1084 tando
240 1057 333 1075 interesse
348 1056 424 1075 levioris
435 1056 526 1075 momenti
540 1056 622 1075 fabricae
632 1057 750 1081 paroecialis,
762 1063 839 1081 prorsus

169 1088 239 1110 exulat,
254 1095 298 1107 cum
311 1094 335 1107 ea
349 1088 427 1107 iuridice
441 1094 452 1106 a
467 1088 550 1112 parocho
561 1088 638 1113 proprio
652 1089 677 1106 sit
691 1092 839 1113 repraesentata.

210 1120 293 1138 Demum
315 1120 446 1138 necessitatem
469 1119 586 1138 interventus
607 1119 676 1138 fiscalis
697 1120 715 1138 in
736 1119 840 1138 summario
