915 1302
196 46 215 60 86
405 46 430 60 Ex
440 46 455 60 5,
464 46 584 66 Congregan'one
596 46 658 60 Concilii

196 104 216 119 et
230 100 277 119 haec
288 101 308 119 S.
322 101 341 119 C.
352 101 371 119 in
385 100 582 119 Urbanum-Missae
591 100 718 119 convaentualis
730 106 753 123 19
763 100 796 119 Iul.
810 101 865 122 1828,

196 136 216 150 et
230 132 249 150 in
265 132 355 151 Civitatis
369 131 515 150 pubis-Missae
528 131 655 150 conventualis
671 137 695 154 ²4
710 131 757 155 Apr.
776 132 831 155 1830.

237 163 320 182 Demum
330 169 355 181 ex
365 162 464 187 disciplina
478 162 533 181 huius
543 163 561 181 S.
573 162 651 181 Ordinis
661 167 759 187 receptum
768 166 804 184 est,
815 162 866 187 quod

195 194 282 213 canonici
297 194 401 213 animarum
416 198 514 212 curatores
529 197 617 212 tenentur
635 194 703 213 diebus
721 193 867 220 solemnioribus

196 226 267 244 nedum
281 226 305 244 ad
320 231 388 244 munus
402 225 477 244 diaconi
491 225 521 244 vel
535 225 646 244 subdiaconi
660 225 775 250 explendum
789 225 868 249 quando

196 256 273 281 capituli
291 256 375 281 dignitas
394 256 477 275 celebret
491 256 543 275 iuxta
557 256 692 275 resolutionem
707 256 762 275 huius
776 256 795 275 S.
810 255 832 274 C.
849 255 867 274 in

197 294 234 306 una
243 287 540 306 Baionen.·Praeaemiasntiarum
549 287 587 306 diei
601 294 623 311 19
633 288 680 312 Apr.
695 289 750 311 1760,
766 287 799 306 sed
809 287 868 305 etiam

196 318 220 338 ad
229 318 376 337 'inserviendum
390 318 488 343 Episcopo
502 318 618 343 pontificalia
636 318 746 337 solemniter
763 318 868 337 celebranti

196 350 248 368 iuxta
263 349 318 368 aliam
335 349 471 368 resolutionem
487 349 505 367 in
523 355 561 368 una.
581 349 811 374 Cuman.-stntfitalium
829 348 868 368 diei

199 387 220 399 η
237 381 284 400 Dec.
303 381 357 404 1829.
373 378 446 399 etiamsi
462 385 516 399 extra
534 380 634 399 ecclesiam
655 380 784 399 cathedralem
802 386 868 399 curam

196 412 301 430 animasum
315 416 424 434 exerceant.
440 411 460 430 Si
475 412 538 436 itaque
557 411 651 437 parochus
668 412 742 430 ratione
756 418 813 436 curae
830 411 869 430 ani-

196 449 269 461 marum
284 443 319 461 sibi
334 443 448 461 commissae
462 443 549 461 excusari
564 449 601 461 non
612 443 662 462 valet
671 444 696 461 ab
706 443 814 462 huiusmodi
829 449 869 461 mu-

197 481 264 493 nerum
282 473 387 493 choralium
406 474 547 499 praestatione,
568 474 627 493 multo
646 475 707 499 magis
725 474 743 493 id
762 474 868 499 praedicari

197 509 273 530 oportet
287 505 311 524 de
326 506 418 524 canonico
432 505 578 529 poenitentiario
593 506 646 524 cuius
660 505 742 524 officium
757 505 818 524 levius
832 510 868 526 est.

198 541 217 555 et
226 537 269 555 hinc
284 543 366 561 aequum
377 543 414 555 non
429 541 459 555 est
473 541 493 555 ut
507 537 554 561 ipse,
568 537 613 555 dum
628 537 757 555 consessiones
771 541 814 555 actu
830 543 868 555 non

170 579 172 581 -
197 568 272 593 excipit,
287 574 299 587 a
313 568 390 587 servitio
405 567 468 587 altaris
482 572 603 587 exoneretur.

237 599 304 624 Neque
318 599 389 624 aliquid
404 600 422 617 in
437 599 552 618 contrarium
571 598 669 624 suffragari
684 599 770 618 valerent
790 599 869 624 capituli

196 630 341 649 constitutiones
360 635 393 648 aut
407 630 515 649 introducta
536 631 611 649 diversa
631 631 758 652 consuetudo,
774 630 800 649 uti
817 630 868 649 clare

196 662 290 680 sancitum
305 662 399 680 invenitur
413 662 431 680 in
446 668 504 680 eausa
518 662 613 680 Albanam
636 662 715 686 Species
728 661 784 680 huius
798 668 868 680 causae

195 693 243 711 haee
259 697 294 711 est.
317 693 371 711 luxta
385 693 526 717 antiquissimas
547 693 622 718 capituli
642 692 735 712 ecclesiae
754 693 869 712 cathedralis

196 724 311 742 Albanensis
332 724 478 743 constitutiones
492 724 542 743 nulla
563 724 650 743 ordinum
667 724 735 743 divisio
750 724 798 743 inter
813 731 869 743 cano·

197 756 250 774 nicos
264 755 375 777 habebatur.
391 755 484 780 siquidem
499 762 566 774 omnes
580 756 604 774 ad
619 755 705 775 ordinem
718 756 868 780 presbyteralem

178 811 180 813 Ι
195 787 329 811 pertinebant:
351 791 370 805 at
385 791 461 805 cautum
482 791 524 805 erat
538 791 558 805 ut
572 787 610 805 duo
629 787 716 806 canonici
738 787 804 805 ultimo
825 787 869 806 loeo

196 818 267 842 provisi
282 818 300 836 in
315 817 461 836 solemnioribus
475 818 520 836 anni
535 818 666 836 festivitatibus
681 824 750 836 munus
764 818 839 837 diacon-i
850 823 869 837 et

196 849 308 868 subdiaconi
326 849 406 867 obirent.
430 849 483 867 Haec
498 848 606 873 capitularis
620 849 731 868 constitutio
751 849 795 867 licet
813 855 869 868 cano-

197 880 232 898 nici
248 880 387 904 poenitentiarii
402 879 540 899 institutionem
560 880 578 898 in
596 880 699 899 cathedrali
717 880 797 899 ecclesia
811 880 869 899 Alba-

197 911 250 930 nensi
265 911 393 936 praecederet,
409 915 473 930 tamen
488 915 555 935 postea
569 911 627 929 etiam
641 917 653 929 a
667 911 770 932 canonicis,
781 912 813 936 qui
823 918 869 936 poe-

196 942 299 961 nitentiarii
319 949 397 961 munere
416 942 466 961 aucti
485 946 540 963 sunt¹
556 942 710 961 constantissime
732 946 808 961 servata
829 942 867 961 fuit.

196 974 255 993 Anno
279 975 327 997 ¹8²9
350 974 480 998 praebendam
500 968 666 998 poenitentiariam
689 978 756 993 nactus
776 974 869 993 sacerdos

196 1005 280 1026 Contini,
295 1005 380 1024 ultimum
395 1005 457 1024 locum
473 1005 520 1023 inter
535 1006 637 1024 canonicos
652 1005 739 1024 obtinuit.
758 1005 807 1024 Cum
821 1012 869 1024 vero

196 1037 238 1061 ipse
253 1043 322 1055 munus
335 1036 411 1055 diaconi
425 1036 455 1055 vel
469 1036 581 1055 subdiaconi
595 1036 651 1055 dictis
665 1036 733 1055 diebus
747 1037 824 1061 explere
842 1044 869 1055 re-

196 1071 268 1089 nueret.
283 1067 370 1093 allegans
384 1067 403 1086 id
418 1068 507 1092 componi
522 1074 559 1086 non
574 1074 632 1092 posse
647 1074 690 1087 cum
705 1074 783 1087 munere
805 1068 869 1093 poeni-

196 1099 287 1120 tentiarii,
302 1099 390 1123 quaestio
411 1099 474 1117 delata
493 1099 527 1117 suit
545 1098 569 1117 ad
588 1099 637 1117 hanc
652 1099 671 1118 S.
686 1099 719 1121 C.,
735 1104 756 1118 et
768 1100 869 1124 proposito

187 1130 264 1154 'dubioz
291 1137 300 1148 ε
310 1136 333 1148 an
349 1130 452 1148 canonicus
470 1130 628 1154 poenitentiarius
645 1130 759 1149 cathedralis
776 1130 868 1149 ecclesiae
