915 1302
175 37 202 50 ιω,
358 33 384 47 εκ
394 33 409 47 s.
419 32 539 54 congrega-‘one
551 32 653 47 Canusium-idn·

173 87 255 106 lacensis
269 87 363 106 dioecesis
377 87 490 112 Apostoliea
504 87 617 106 auctoritate
628 87 769 109 distraheretur,
779 91 799 106 et
808 91 845 106 ter-

172 118 238 137 ritorio
257 118 417 143 Metropolitanae
435 118 526 137 eeclesiae
545 118 736 143 caesaraugustanae
753 118 844 138 uniretur.

214 150 243 168 Re
257 149 281 168 ad
295 149 375 168 SSmurn
390 149 455 168 Dnum
470 149 560 168 Nostrum
576 149 629 168 Pium
644 150 715 174 Papam
729 149 748 168 X
765 156 799 174 per
813 156 844 168 me

173 181 312 205 infrascriptum
333 180 403 199 Sacrae
424 180 586 206 Congregationis
605 181 662 199 rebus
682 180 845 199 consistorialibus

173 211 299 236 expediendis
312 211 422 236 propositae
430 211 556 230 Secretarium
568 211 636 233 delata.
647 212 742 231 Sanctitas
752 212 796 233 Sua,
807 212 844 237 spi-

173 242 235 262 rituali
249 242 332 261 fidelium
347 242 440 267 regimini.
461 242 539 264 meliori.
559 249 596 267 qua
615 242 655 261 fieri
675 246 743 267 potest.
764 243 844 265 ratione,

173 274 272 293 consulere
286 274 370 298 cupiens,
385 273 474 292 omnibus
490 269 564 292 matura
582 273 718 292 deliberatione
737 274 843 298 perpensis,

173 311 195 324 ac
209 305 269 329 probe
284 310 365 324 noscens
379 304 520 329 expostulatum
535 305 674 329 separationem
689 308 708 323 et
723 305 812 323 unionem
824 305 843 323 in

173 336 278 355 animarum
293 336 365 355 bonum
380 342 421 354 esse
436 342 537 357 cessuram,
553 335 628 354 oblatas
642 342 708 360 preces
717 336 801 361 benigne
811 342 845 354 ex-

173 367 236 392 cipere
250 367 330 392 dignata
344 371 378 388 est.
394 373 416 386 ac
430 367 455 386 de
470 367 593 392 Apostoliaee
607 367 708 392 potestatis
726 367 849 392 plenitudine

173 398 377 423 paroeciamPradina
392 402 519 423 nuncupatam
534 405 577 417 curn
595 398 683 417 omnibus
696 403 716 417 et
730 398 810 424 singulis
824 399 843 418 in

173 436 196 448 ea
218 430 343 448 existentibus
362 433 382 448 et
400 429 560 448 commorantibus
579 436 590 448 a
611 429 706 449 territorio
729 430 845 454 episcopalis

173 460 264 482 ecclesiae
285 461 368 479 lacensis
382 460 445 479 divisit
464 465 483 479 et
502 460 575 482 avulsit,
597 460 716 485 eandemque
734 461 804 485 pariter
823 465 845 480 ut

172 498 230 516 supra
242 493 286 510 'cum
301 492 390 511 omnibus
404 496 424 510 et
438 492 517 517 singulis
531 492 550 511 in
564 498 588 510 ea
597 492 722 511 existentibus
732 496 752 510 et
760 498 845 511 commo-

172 523 258 542 rantibus
268 523 364 542 territorio
375 523 536 548 Metropolitanae
548 523 640 542 ecelesiae
653 523 844 548 caesaraugustanae

173 554 260 573 adiunxit
273 558 293 573 et
307 554 373 576 univit,
393 555 419 573 ita
437 558 458 573 ut
477 554 495 573 in
514 559 612 579 posterum
632 559 736 573 memorata
754 555 845 579 paroecia

171 585 297 605 iurisdietioni
311 585 457 610 Archiepiscopi
473 585 647 610 Caesamugusuni
658 586 737 610 eiusque
746 592 844 605 suecesso-

172 623 214 635 rum
229 617 254 636 sit
267 616 358 638 subiecta,
373 621 430 641 prout
443 617 536 635 haetenus
550 617 633 635 lacensis
646 616 742 635 Antistitis
751 617 844 641 spirituaii

172 648 261 673 regimini
276 647 362 672 subiecta
376 648 415 669 suit,
430 654 473 667 eurn
488 647 576 666 clausulis
589 647 650 666 solitis
659 652 678 666 et
687 648 789 670 consuetis,
802 655 845 673 sup-

173 678 230 704 pleto,
245 683 340 704 quatenus
354 685 403 703 opus
417 683 451 701 est,
467 685 630 703 quorumcumque
643 679 679 698 hac
693 679 711 698 in
722 685 742 697 re
751 679 844 698 interesse

172 710 283 729 habentium
292 710 323 729 vel
337 710 408 729 habere
418 710 580 735 praesumentium
589 716 689 731 consensu.
699 710 718 728 in
729 711 844 729 contrarium

172 742 284 761 facientibus
298 748 336 760 non
351 741 472 763 obstantibus
485 741 642 766 quibuscumque.

213 772 271 792 Hisce
285 776 349 791 autem
364 778 421 797 super
435 772 492 791 rebus
506 772 573 791 eadem
591 772 685 791 Sanctitas
699 772 738 790 Sua
752 778 845 796 praesens

172 804 212 823 fieri
233 804 287 822 iussit
305 803 436 822 consistet-iaie
455 804 558 825 decretum,
572 803 652 828 perinde
667 803 768 821 valiturum
786 809 809 821 ae
828 803 843 822 si

172 835 256 854 Litterae
271 834 395 859 Apostolieae
409 835 428 853 in
442 835 504 853 forma
517 834 584 853 Brevis
597 840 654 859 super
666 833 776 859 praemissis
785 840 845 859 expe-

172 866 224 885 ditae
237 866 322 887 fuissent.
336 866 390 885 euius
399 865 538 894 executionem,
549 871 592 884 eum
601 864 721 884 facultatibus
731 866 844 884 necessariis

173 902 193 917 et
206 898 324 922 opportunis,
335 897 393 916 etiam
403 896 548 922 subdelegandi,
559 896 582 915 ad
592 896 680 915 effectum
690 896 715 915 de
724 903 762 921 quo
772 897 844 922 agitur,

173 924 312 953 quamcumque
326 928 382 947 aliam
396 934 498 953 personam
513 927 531 946 in
545 927 674 946 ecclesiastica
688 927 782 953 dignitate
799 934 845 946 con-

172 960 263 981 stitutam,
282 959 405 978 demandavit
423 959 521 984 praedicto
540 959 692 984 Archiepiscopo
710 959 843 984 Caesaraugu-

171 995 232 1013 stano,
247 995 267 1010 et
283 990 381 1010 decretum
400 991 462 1015 ipsum
482 990 546 1009 referri
563 989 623 1009 voluit
642 990 690 1009 inter
708 990 758 1009 Acta
772 990 843 1009 Sacrae

172 1022 257 1041 eiusdem
272 1022 434 1047 Congregationis
448 1021 594 1040 Consistorialis.

211 1054 283 1072 Datum
298 1054 378 1075 Rornae.
389 1053 424 1072 hac
434 1053 466 1072 die
475 1059 500 1071 xv
510 1053 569 1077 Sept.¹
585 1058 635 1071 anno
648 1052 725 1071 Domini
737 1058 842 1072 mmcccnx.

428 1091 438 1112 †
452 1089 551 1109 Kamani„
566 1088 656 1113 Archiep.
671 1088 773 1109 Niceenus,

347 1120 366 1139 S.
378 1120 399 1139 C.
411 1119 553 1139 Consistorialis
562 1124 582 1138 et
591 1119 609 1138 S.
621 1119 703 1144 Collegii
718 1119 841 1138 Semtan‘us.
