915 1302
359 48 439 62 Decretum
716 49 735 66 57

102 102 127 120 V.
143 102 163 120 In
179 102 268 126 praefatis
281 102 373 123 eeclesiis,
381 108 430 127 quae
440 102 564 121 concessione
574 102 651 127 linguae
660 101 736 126 palaeo*

59 132 145 151 slavicae
160 133 289 152 indubitanter
302 133 393 155 fruuntur.
409 133 491 154 Rituale,
507 133 578 152 slavico
592 133 683 151 idiomate
702 133 735 151 im-

59 170 155 188 pressum.
170 164 256 183 adhiberi
270 165 340 189 poterit
354 165 373 183 in
388 164 554 183 Sacramentorum
569 168 589 183 et
602 164 734 183 Sacramenta-

59 195 106 213 lium
113 195 283 218 administratione,
293 196 398 218 dummodo
408 196 452 214 illud
463 196 518 215 fuerit
527 196 551 214 ab
562 196 674 221 Apostolica
683 195 735 214 Sede

60 227 182 251 recognitum
196 231 216 245 et
229 228 361 252 approbatum.

101 258 134 276 VI.
150 258 221 277 Sedulo
238 263 304 277 curent
323 259 413 283 Episcopi
431 259 450 277 in
469 258 508 277 suis
524 258 635 285 Semina-riis
651 258 734 276 studium

61 289 168 313 provehere
182 296 224 308 cum
234 289 303 308 latinae
318 290 400 315 linguae,
411 294 451 308 tum
461 289 617 315 palaeoslavicae,
628 290 654 308 ita
669 293 688 316 ut
698 289 736 307 cui-

58 327 97 345 que
112 321 196 340 dioecesi
207 321 308 340 necessarii
319 321 429 340 sacerdotes
438 325 516 345 praesto
526 321 564 339 sint
574 321 599 339 ad
609 320 734 339 ministerium

60 352 79 370 iu
95 355 177 376 utroque
191 352 286 371 idiomate.

102 383 144 402 Vll.
152 383 291 408 Episcoporum
301 384 384 402 officium
394 384 435 405 erit,
443 388 488 402 ante
499 383 643 402 Ordinationem
654 389 734 404 sacram,

59 413 165 439 designare
179 414 264 436 clericos,
279 415 311 440 qui
326 414 388 434 latinis
402 415 432 433 vel
446 415 478 439 qui
493 414 639 439 palaeoslavicis
648 413 735 433 ecclesiis

60 445 188 467 destinentur,
203 446 302 471 explorata
316 447 335 465 in
350 451 470 465 antecessum
485 446 659 470 promovendorum
669 445 736 463 volun·

60 480 101 495 tate
116 481 136 495 et
150 477 280 501 dispositione.
297 478 332 496 nisi
347 477 397 496 aliud
411 478 478 502 exigat
492 477 583 496 eeclesiae
598 477 707 495 necessitas.

103 507 153 526 V111.
169 508 189 526 Si
203 508 246 532 quis
260 509 355 530 sacerdos,
371 508 458 527 addictus
472 508 569 529 ecclesiae¹
585 508 617 526 ubi
632 508 690 526 latina
704 509 736 526 ad—

61 539 139 557 hibetur
153 539 223 564 lingua,
239 540 292 558 alteri
307 540 377 558 debeat
390 540 483 558 ecclesiae
493 540 590 561 inservire.
601 546 650 564 quae
661 539 736 564 palaeo-

60 569 128 588 slaviei
142 570 208 589 fruitur
221 571 319 589 idiomatis
333 571 439 595 privilegio.
455 571 533 589 Missam
548 570 652 589 solemnem
667 571 692 589 ibi
706 576 736 589 ce-

61 601 137 620 lebrare
152 602 252 626 Horasque
266 608 335 621 canere
345 602 440 621 tenebitur
449 602 515 627 lingua
525 601 673 626 palaeoslaviea:
689 605 736 620 atta-

61 639 106 651 men
121 632 146 651 illi
161 633 189 652 fas
203 633 239 652 erit
252 633 340 658 privatim
355 633 412 652 Sacra
427 639 519 658 peragere
529 637 549 652 et
559 633 621 652 Horas
634 633 737 652 canonicas

59 664 172 689 persolvere
186 664 244 683 latina
257 665 328 689 lingua.

102 695 197 714 Sacerdos
206 702 258 717 vero,
269 696 401 720 palaeoslavici
412 696 508 714 idiomatis
517 695 610 714 ecclesiae
623 695 735 720 adscriptus,

59 726 92 745 cui
107 726 156 745 sorte
169 726 239 745 latinae
254 726 346 745 ecclesiae
356 727 452 745 deservire
462 726 568 751 contigerit,
580 733 617 745 non
631 726 735 745 solemnem

60 757 201 779 tantummodo.
217 758 251 777 sed
265 755 359 782 privatam
373 758 430 777 etiarn
445 758 525 776 Missam
541 758 637 776 celebrare
652 758 736 782 itemque

61 789 127 808 Horas
141 795 209 808 canere
223 789 319 808 tenebitur
333 789 391 807 latina
400 789 473 814 lingua;
489 789 555 808 relicta
565 789 590 807 illi
604 789 664 807 solum
680 788 736 807 sacul-

60 824 102 839 rate
117 820 206 839 Officium
221 820 308 845 privatim
323 820 443 845 persolvendi
457 820 573 845 glagolitice.

104 851 138 875 IX,
154 851 227 870 Licebit
241 852 312 876 pariter
329 852 470 873 sacerdotibus.
486 851 537 870 latini
555 851 625 876 eloquii
644 851 737 870 ecclesiae

61 883 163 907 inscriptis,
179 883 197 902 in
212 883 274 901 aliena
287 883 374 904 ecclesia,
389 889 438 907 quae
453 882 553 908 privilegio
567 883 644 907 linguae
661 882 737 907 palaeo-

62 914 146 933 slavicae
161 914 237 938 potitur,
253 914 332 933 Missam
347 914 440 939 privatam
455 914 551 933 celebrare
565 913 624 932 latino
639 913 735 932 idiomate⁴

61 945 177 964 Sacerdotes
190 951 242 967 vero,
258 943 335 970 linguae
349 945 500 970 palaeoslavicae
514 945 599 964 ecclesiis
613 945 690 966 addicti,
705 951 737 963 eo>

62 977 107 995 dem
116 977 153 995 hoc
163 976 253 995 idiomate
265 983 288 995 ne
298 977 391 1001 privatum
401 977 479 1001 quidem
489 977 567 995 Sacrum
575 976 637 995 facere
647 980 738 1000 poterunt

62 1008 80 1026 in
95 1007 188 1029 ecelesiis,
204 1008 236 1026 ubi
251 1007 309 1026 latina
323 1008 389 1033 lingua
403 1008 510 1027 adhibetur.

103 1039 128 1057 X.
144 1038 181 1057 Ubi
196 1045 241 1057 usus
255 1039 334 1057 invaluit
343 1039 362 1057 in
372 1039 432 1058 Missa
442 1038 522 1057 solemni
532 1038 638 1063 Epistulam
648 1042 668 1056 et
675 1038 737 1056 Evan-

63 1070 135 1096 gelium
150 1070 219 1089 slavice
234 1070 320 1091 canendi,
335 1074 380 1095 post
394 1070 505 1089 eorumdem
520 1074 596 1089 cantum
610 1069 669 1088 latino
679 1069 737 1088 eccle-

64 1103 105 1121 siae
119 1102 178 1126 ipsius
193 1101 283 1120 idiomate
298 1102 412 1123 absolutum,
423 1101 531 1120 huiusmodi
541 1101 606 1125 praxis
620 1101 691 1119 servari
704 1107 736 1125 po-

64 1134 113 1152 terit.
129 1133 150 1151 ln
165 1132 229 1151 Missis
243 1137 308 1151 autem
326 1133 466 1157 parochialibus
483 1133 510 1151 sas
528 1133 564 1151 erit
578 1136 621 1156 post
635 1131 736 1156 Evangelii
