915 1302
369 57 436 71 Romana
703 58 729 76 ¹4⁵

64 110 90 129 les
102 111 184 129 adscribi
194 111 342 130 confraternitas
357 112 411 130 ssffii
426 112 507 133 Rosarii,
521 116 541 130 et
554 112 578 130 ad
593 118 632 130 rem
647 112 731 130 referunt

65 142 122 160 Breve
129 142 247 161 Pauliniei
258 143 333 167 14Apr.
343 144 391 162 1⁶08
399 143 424 162 ad
429 143 600 168 Arehiepiscopum
609 143 729 161 Remensern.

64 173 129 191 Afferri
139 173 196 192 etiam
204 177 267 198 potest
277 174 336 193 Breve
345 174 371 193 Pii
380 174 407 193 IX
416 174 454 193 diei
467 180 487 193 11
497 175 548 199 Aug.
561 175 616 198 1871,
627 174 678 199 quod
688 170 732 199 sup-¹

63 205 115 229 ponit
125 204 216 223 moniales
225 205 307 224 adscribi
317 212 373 230 posse
383 206 566 224 confraternitatibus
580 205 634 224 SSmi
648 205 729 224 Rosarii.

100 235 171 259 Quoad
185 242 232 255 vero
250 237 366 255 erectionem
388 237 563 256 confraternitatum
583 237 601 256 in
620 236 731 256 monialium

63 267 180 285 monasteriis
194 272 214 286 et
227 267 305 292 quidem
323 274 358 292 pro
375 268 420 286 solis
438 268 558 289 monialibus.
578 268 662 293 praefata
680 269 732 287 Acta

63 298 83 317 S.
98 298 153 316 Sedis
167 298 210 321 (vol.
221 304 238 319 ι,
252 305 271 319 n.
282 298 304 324 δ’)
318 299 395 317 tradunt
409 299 445 318 hoc
455 299 495 318 fieri
505 300 600 324 prohiberi
611 306 622 318 a
632 300 672 318 iure
681 306 731 318 com·

63 329 118 350 muni,
134 329 219 353 pluribus
235 330 298 349 citatis
311 330 330 348 S.
346 330 367 350 C.
383 330 422 349 EE.
438 335 457 349 et
472 331 512 350 RR.
527 331 614 350 decretis
638 331 691 349 Haec
705 335 732 349 ta-

63 366 104 378 men
119 360 201 382 decreta.
212 361 321 380 Consultori
331 367 369 380 non
379 361 467 380 videntur
476 362 573 381 continere
585 362 731 386 prohibitionem

62 391 147 416 erigendi
162 392 326 411 confraternitates
341 399 375 417 pro
389 393 435 411 solis
450 393 567 414 monialibus,
585 393 672 417 quamvis
691 393 732 417 ipse

62 423 149 442 admittat
163 423 271 443 huiusmodi
288 424 452 450 confraternitates
470 425 604 449 approbandas
625 431 663 443 non
682 430 730 443 esse.

63 454 86 472 Et
99 461 145 473 sane
164 461 189 473 ex
208 455 237 474 his
255 455 414 480 adscriptionibus
435 460 454 474 et
472 456 600 475 erectionibus
617 456 670 474 facile
687 456 731 474 oriri

63 490 143 510 possunt
156 487 222 511 gravia
236 487 388 506 inconvenientia
398 491 464 506 eontra
474 487 581 512 regularem
592 487 732 506 observantiam

63 523 83 535 ac
97 517 218 542 potissimum
233 518 303 536 abusus
318 523 384 536 contra
398 518 460 543 legem
475 518 578 537 clausurae.
593 518 651 542 Quod
666 518 681 536 si
694 517 733 536 nul>

63 548 100 567 lum
114 555 140 567 ex
154 549 183 567 his
197 549 374 568 inconvenientibus
388 553 408 568 et
421 549 512 568 abusibus
527 549 620 570 timeatur,
636 549 681 567 nihil
691 555 733 573 pro-

63 580 120 601 hibet,
136 580 189 598 iuxta
202 580 271 605 ipsum,
286 580 337 605 quod
355 580 461 599 huiusmodi
479 580 619 605 adscriptiones
637 584 657 599 et
674 580 732 599 etiam

62 611 175 632 erectiones,
189 611 214 630 de
228 617 323 630 consensu
338 616 401 630 tamen
416 612 518 633 Ordinarii,
534 611 670 636 permittantur.

102 642 170 662 Relate
185 643 209 662 ad
224 643 299 662 tertiam
315 643 437 668 hypothesim
456 643 552 662 contraria
571 643 634 667 potius
650 643 733 662 tenenda

63 678 91 692 est
105 680 179 696 norma,
194 679 214 692 ut
229 680 298 699 nempe
312 674 411 693 foveantur
425 674 563 699 adscriptiones
577 678 597 693 et
614 675 672 693 etiam
694 680 733 693 ere-

63 706 137 724 ctiones
150 706 223 730 piarum
238 706 390 727 associationum,
405 706 510 724 dummodo
520 712 557 724 non
567 706 631 724 obstet
640 705 733 731 regularis

64 737 185 755 observantia
200 737 321 760 monasterii;
337 737 415 762 expedit
429 737 479 755 enim
500 741 521 755 ut
540 737 652 756 educandae
670 743 734 756 assue-

63 772 117 787 scant
130 768 153 787 iis
168 769 257 793 operibus
271 774 320 793 quae
330 766 434 787 inserviunt
444 768 467 787 ad
478 768 509 793 pie
521 768 622 787 vivendum
633 769 652 787 in
663 769 733 787 mundo

63 803 82 817 et
96 805 154 823 quam
169 799 251 818 maxime
265 800 331 818 iuvant
344 799 368 818 ad
383 800 474 824 pietatem
488 804 508 818 et
517 799 615 818 caritatem
625 799 731 818 fovendam.

104 830 172 849 Restat
185 830 286 855 dicendum
301 830 345 855 quid
360 831 423 849 veniat
437 831 472 849 sub
482 830 579 849 vocabulis
590 831 611 849 in
620 831 734 849 monialium

64 862 188 881 monasteriis.
207 862 289 880 Nomine
304 862 417 880 monialium
430 862 509 880 veniunt
523 868 579 880 sensu
598 862 676 886 proprio
694 866 734 880 tan-

65 893 163 911 tummodo
181 893 262 912 feminae
281 899 329 917 quae
347 897 392 912 vota
410 893 503 912 solemnia
521 893 610 912 emittunt
630 893 649 912 in
670 893 733 918 aliquo

65 924 172 948 approbato
186 924 269 945 Ordine:
285 928 304 943 et
313 925 426 943 monasteria
435 930 469 943 seu
479 928 585 942 conventus
594 924 682 942 dicuntur
691 924 734 942 loca

65 961 113 979 quae
128 956 180 980 ipsae
198 955 285 974 habitant
304 960 323 974 et
339 956 446 980 generatim
466 955 496 974 ubi
514 955 601 974 habitant
620 955 732 980 Regulares.

66 986 102 1005 Cfr.
111 987 196 1005 Nomas
205 987 224 1006 S.
233 987 255 1006 C.
266 987 306 1005 EE.
317 991 336 1005 et
346 987 386 1006 RR.
397 993 432 1011 pro
443 987 497 1005 novis
507 987 596 1005 institutis
605 990 648 1008 etc..
659 990 705 1005 sect
717 992 733 1008 1,

66 1017 77 1041 ᾖ
88 1023 104 1038 z,
116 1024 133 1036 n.
145 1024 175 1041 3²-
191 1018 241 1036 Cum
255 1024 302 1043 ergo
317 1018 335 1037 in
350 1018 432 1037 decretis
442 1018 461 1037 S.
472 1018 494 1037 C.
505 1017 544 1036 EE.
555 1022 575 1036 et
585 1018 624 1036 RR.
637 1024 700 1036 sermo
710 1018 734 1036 sit

66 1048 89 1066 de
103 1049 216 1067 montblium
230 1049 355 1070 monasteriis,
370 1049 417 1067 haec
437 1049 514 1067 decreta
535 1054 569 1073 per
590 1055 610 1067 se
631 1048 735 1073 respiciunt

66 1080 165 1099 dumtaxat
185 1080 277 1099 moniales
297 1081 361 1099 stricte
382 1084 468 1105 sumptas
488 1086 592 1104 earumque
613 1080 733 1098 monasteria.
756 1080 758 1083 '

67 1110 129 1129 Facile
142 1115 206 1130 autem
221 1111 331 1136 intelligitur
344 1111 396 1136 quod
406 1117 440 1135 per
449 1110 564 1129 monasteria
574 1110 653 1135 intelligi
663 1111 734 1129 debent

67 1141 123 1160 etiam
137 1142 222 1167 capellae
236 1146 256 1161 et
273 1142 365 1161 ecclesiae
384 1142 476 1166 publicae,
497 1141 536 1161 scil.
556 1146 610 1160 extra
628 1142 734 1160 clausuram

119 1181 148 1193 Ana
155 1182 168 1193 s.
175 1181 215 1194 san,
222 1182 244 1192 »aa
253 1181 278 1194 κι.
287 1181 319 1195 rm,
326 1183 338 1193 a.
666 1181 679 1191 m
