915 1302
194 54 220 68 15⁰
398 53 424 67 Ex
434 54 449 68 S.
459 54 579 74 Congraegan'one
591 54 653 68 Concitii

190 115 231 127 rum
246 109 316 133 provisi
331 108 355 127 de
365 108 531 133 parochialibus„⁴⁴
547 108 571 127 de
582 109 726 128 canonicatibus
735 113 755 128 et
764 110 861 128 beneficiis

190 144 230 158 tarn
244 140 396 159 residentialibus
410 146 467 164 quam
482 146 520 158 non
535 140 690 158 residentialibus
704 145 723 159 et
737 141 859 165 simplicibus,

190 172 231 190 sitis
245 176 299 190 extra
316 171 428 196 collegiatas
445 171 549 192 ecelesias.
568 172 717 196 uniuscuiusque
736 172 805 191 valoris
824 172 861 191 exi-

190 207 247 224 stant,
263 207 364 221 teneantur
378 203 452 221 solvere
466 206 485 221 et
499 203 607 227 respective
621 203 718 227 deponere
733 203 816 222 mediam
830 210 861 222 an-

191 239 255 253 natam
269 241 304 259 pro
319 234 389 253 fabrica
407 234 499 253 eeclesiae
516 233 631 252 cathedralis
640 241 659 253 ›.
682 235 712 253 Ex
726 235 761 253 hae
780 234 861 259 proinde

190 266 236 284 iuris
250 266 375 290 dispositione
389 265 463 283 videtur
477 265 501 283 ad
516 265 597 283 mediam
613 269 702 284 armatam
714 266 825 285 solvendam
836 270 861 285 te-

191 297 230 316 neri
245 297 314 315 nedum
325 296 463 315 mansionarios
473 296 575 315 Bartolozzi
585 300 605 315 et
615 296 743 321 Ciaramponi,
759 297 793 316 sed
803 297 861 316 etiarn

191 328 294 347 Petrocchi.
310 328 359 347 Nam
373 328 440 346 horum
456 328 538 346 tenuioes
552 327 629 349 reditus,
645 332 711 346 contra
725 333 812 352 apertum
821 333 861 347 tex-

190 364 230 378 tum
244 358 313 378 citatae
329 359 480 380 Constitutionis,
497 359 561 383 nequit
581 365 615 378 eos
629 360 653 378 ab
670 365 728 378 onere
747 360 834 380 liberare,

231 391 298 415 Neque
319 391 364 409 item
386 390 456 409 utiliter
477 391 547 409 recurri
568 390 619 409 valet
640 390 664 409 ad
687 391 763 409 tacitam
784 391 861 416 capituli

191 423 351 441 condonationem
366 426 398 441 aut
417 422 441 440 ad
461 428 498 440 non
516 422 625 447 i-npositum
640 422 676 441 hoc
694 428 742 441 onus
761 423 779 441 in
796 422 862 441 sunda-

191 454 252 475 tione:
268 453 361 478 siquidem
376 453 439 478 quoad
453 453 534 478 primum
550 454 668 478 negligentia
683 453 712 472 vel
722 454 823 472 oscitantia
833 460 861 472 ca-

191 485 244 509 pituli
259 485 389 509 praeiudicare
404 484 469 508 nequit
483 484 554 503 iuribus
572 484 653 503 fabricae
673 484 775 511 ecclesiae:
797 485 862 509 quoad

191 516 295 534 secundum
310 516 376 540 reponi
391 520 454 540 potest
469 515 520 540 quod
535 515 554 533 id
564 519 614 534 esset
624 516 743 540 probandum
753 516 783 535 vel
794 516 860 535 saltem

191 547 313 572 allegandum
327 547 447 572 privilegium
462 547 597 571 exemptionis.

231 578 288 597 Nulla
302 583 401 603 praeterea
416 579 434 596 in
449 577 533 596 themate
547 578 630 596 invocari
640 578 690 597 valet
700 578 819 597 consuetudo
828 583 862 597 aut

192 610 316 634 praescriptio
327 610 435 628 liberativa:
447 616 491 628 narn
501 609 558 628 citata
567 609 684 628 Constitutio
694 610 766 628 munita
775 614 805 628 est
812 610 862 628 clau-

191 641 232 660 sula
241 641 315 659 sublata
325 645 344 660 et
352 641 428 660 decreto
439 641 534 662 irritante;
550 640 601 665 quod
616 641 669 659 iuxta
683 641 789 660 doctrinam
799 641 862 660 Rotae

192 672 253 697 (decis.
262 677 309 697 572,
319 679 339 690 n.
350 677 371 690 11
381 678 446 690 coram
461 672 529 693 Cerro:
545 672 599 691 denia
609 677 629 696 9,
641 678 659 690 n,
669 671 698 696 58
706 678 771 691 curam
781 672 861 697 Poenia)

191 707 210 722 et
224 703 359 722 resolutionem
374 703 429 721 huius
447 703 467 721 5.
482 703 505 721 C.
523 703 540 721 in
559 703 642 721 Reatina
660 714 672 717 -
691 703 768 721 Mediae
781 706 862 721 armatae

194 740 215 752 12
232 734 277 753 Maii
291 740 347 757 1770,
358 734 433 759 perimit
447 739 466 752 et
475 735 530 753 vitiat
544 740 620 753 omnem
635 734 748 753 contrariam
762 739 862 753 consuetu-

191 765 255 784 dinem
270 766 327 787 etiam
342 765 470 784 centenariam
484 765 514 784 vel
529 765 691 784 immemorialem.

232 796 261 815 Ex
276 796 357 815 adverso
371 803 413 815 cum
428 797 446 815 in
461 797 519 815 citata
529 797 672 815 Constitutione
681 797 765 821 graviter
779 797 862 816 excitata

190 827 225 846 fuit
238 828 337 853 vigilantia
351 828 390 846 imo
403 832 423 853 et
437 832 516 846 onerata
530 828 647 846 conscientia
661 828 787 852 capitulorum
797 833 816 846 et
827 828 862 847 Or-

191 859 307 878 dinariorum
322 865 378 883 super
392 859 492 878 exactione
507 863 526 878 et
540 859 704 878 administratione
718 859 781 878 dictae
795 864 860 881 taxae;

192 890 228 908 iam
243 890 327 914 sequitur
342 890 390 909 hanc
404 890 541 915 negligentiam
556 894 589 909 aut
598 890 724 915 ignorantiam
739 890 812 909 admitti
823 897 861 909 nun

191 927 249 946 posse
264 922 282 940 in
296 921 380 946 capitulo
394 926 413 940 et
427 922 446 940 in
460 921 615 946 Archiepiscopis
629 922 813 940 administratoribus
827 928 861 946 per

191 957 230 971 tam
245 952 323 977 longum
338 957 418 977 tempus¹
434 953 544 977 praesertim
559 953 622 978 quoad
637 954 775 972 mansionarios
788 954 862 972 Petroc-

191 984 227 1004 ehi.
243 984 291 1003 Hinc
306 991 349 1003 curn
364 984 486 1003 fundamento
497 984 569 1003 'deduci
584 989 647 1009 potest
665 985 760 1009 praefatos
781 986 861 1004 mansio-

192 1016 255 1034 narios
264 1016 283 1034 in
293 1016 444 1040 praebendarum
454 1016 550 1034 erectione
559 1015 616 1034 fuisse
626 1022 637 1034 a
646 1020 692 1034 taxa
701 1021 820 1038 exoneratos,
831 1017 861 1035 vel

191 1047 236 1071 quia
249 1046 274 1065 de
289 1047 431 1065 manutentione
446 1047 527 1065 fabricae
542 1046 633 1065 ecclesiae
647 1051 727 1071 gravata
741 1051 782 1066 erat
798 1054 861 1066 massa

191 1078 304 1102 capitularis,
319 1078 349 1097 vel
363 1079 407 1103 quia
421 1078 490 1097 fundus
504 1085 537 1097 seu
556 1078 689 1102 patrimonium
709 1078 790 1097 fabricae
809 1083 861 1098 exta-

192 1110 230 1130 bat,
245 1110 313 1134 quibus
328 1110 346 1128 in
360 1110 442 1130 casibus,
451 1110 503 1128 iuxta
518 1109 587 1134 pluries
602 1110 678 1128 citatam
693 1109 859 1132 Constitutionem.

192 1141 266 1159 mediae
280 1145 361 1159 annatae
376 1141 472 1165 impositio
486 1141 548 1159 locum
563 1147 600 1159 nnn
615 1141 679 1159 habet.
