915 1302
181 64 200 82 96
381 64 406 78 Ex
416 64 431 78 s.
444 64 461 79 c.
472 64 490 79 ae
501 65 601 84 Propaganda
611 65 648 79 Ρῑιιι

180 117 251 136 Vicarii
265 117 371 142 Apostolici
385 118 530 143 languebat-iae
539 118 670 137 Meridionalis
679 119 697 137 in
708 118 772 137 Africa
782 118 850 137 Orien-

180 148 213 167 tali
227 149 349 170 Germaniam
365 153 386 168 ut
400 156 469 174 nempe
483 149 548 168 titulus
562 149 654 174 praedicti
669 149 776 168 Vicariatus
790 154 850 168 muta—

180 184 237 201 retur,
251 184 271 198 et
285 186 296 199 a
311 180 386 199 civitate
400 181 514 200 residentiae
529 180 605 202 Vicarii,
624 181 799 200 Dasessalamensis
818 181 851 200 Vi-

180 211 262 230 cariatus
276 211 399 236 Apostolicus
414 216 561 237 nuncuparetur.
576 212 640 236 Quam
650 213 770 234 sententiam,
785 212 809 231 ab
823 212 851 230 in—

179 242 279 267 frascripto
293 243 349 261 huius
363 243 382 262 S.
391 243 553 268 Congregationis
562 243 670 262 secretario
679 243 740 262 SSmo
747 243 772 262 D.
781 243 805 263 N.
815 243 851 262 Pio

179 273 217 294 div.
236 280 288 299 prov.
308 274 342 293 ΡΡ,
358 274 377 292 Χ
394 274 414 293 in
431 274 528 293 audientia
543 274 581 293 diei
598 280 607 298 7
623 275 714 293 vertentis
733 274 805 293 mensis
821 280 851 293 re-

180 304 244 327 latam,
259 305 354 324 Sanctitas
368 305 407 324 Sua
421 310 482 324 ratam
496 305 567 324 habere
580 309 600 324 et
607 305 714 330 adprobare
723 305 804 330 dignata
813 309 849 327 est,

180 343 202 355 ac
216 342 307 361 praesens
321 342 344 355 ea
358 343 415 361 super
429 343 449 356 re
464 337 561 356 decretum
576 336 661 361 expediri
676 336 779 356 mandavit.

221 367 293 386 Datum
307 367 386 389 Romae,
402 374 425 386 ex
440 368 520 387 aedibus
534 368 554 386 S.
564 368 619 386 huius
633 367 802 392 Congregationis.
818 367 851 387 die

183 404 207 417 10
217 399 300 424 Augusti
318 400 373 422 1906.

314 434 345 454 Fr.
361 434 386 453 Η.
400 434 427 454 Μ.
442 434 500 454 Card.
515 434 585 455 Gom,
600 434 714 459 Pnujectus.

445 465 530 484 Aloisius
544 465 620 486 Veccia,
636 465 758 484 Secretarius.

210 549 367 566 Daton-minantur
378 549 427 566 flues
438 548 548 566 vicariatus
560 548 668 569 Apostollci
679 549 732 570 apud
743 548 819 566 Genus.

220 589 251 608 De
264 590 370 608 animarum
384 589 444 608 salute
459 589 571 614 Apostolica
584 589 645 608 Sedes
659 589 744 611 sollicita,
756 590 774 608 in
788 589 852 614 Abys-

180 621 264 639 sinorum
278 625 298 639 et
311 620 409 639 Gallaruxn
418 620 515 645 spirituale
524 620 595 639 bonum
604 620 662 639 variis
670 621 789 645 temporibus
796 621 852 645 plura

180 652 289 673 constituit;
305 658 327 670 ae
341 652 360 670 in
375 652 446 676 primis.
461 658 500 676 quo
514 651 587 670 facilius
600 652 625 670 ad
639 651 688 670 ovile
703 652 774 670 Christi
789 658 851 671 rever-

180 687 270 705 merentur,
285 683 360 702 duobus
374 682 468 708 religiosis
483 683 592 704 Ordinibus,
603 683 627 701 de
637 683 722 702 Ecclesia
731 683 804 707 optime
812 689 851 702 me-

180 714 226 736 ritis,
236 721 302 733 eorum
312 714 481 739 evangelizationis
494 714 604 733 mandatum
616 720 639 732 ac
649 714 734 739 regimen
747 715 850 733 commisit.

220 745 297 764 Etenim
311 745 429 769 Apostolicis
442 744 509 764 litteris
523 745 542 763 in
556 745 617 764 forma
635 745 705 766 Brevis,
725 745 776 764 datis
792 745 824 764 die
838 752 850 768 4

180 776 227 795 Maii
241 777 285 795 anni
303 777 358 799 1846.
374 782 453 801 quarum
468 776 541 794 initium
560 776 667 794 Pastoralis
685 776 776 797 manarit,
795 776 851 795 Vica-

180 807 239 826 riatus
253 807 377 832 Apostolicus
395 807 493 825 Gallarum
512 811 586 826 erectus
602 811 636 828 est,
656 811 713 831 atque
732 807 851 832 evangelicis

180 839 230 858 curis
244 839 332 858 Fratrum
341 838 477 864 Capulatorum
487 838 607 857 concreditus
611 845 615 859 ;
626 838 732 862 insequenti
743 844 790 857 vero
799 844 851 857 anno

181 870 270 888 Summus
284 870 370 889 Pontifex
385 870 428 888 Pius
443 869 478 889 PP.
493 869 521 888 IX
535 870 546 888 f.
557 876 571 888 r,
586 869 757 894 supplicationibus
766 870 785 888 S.
801 869 851 888 Con-

180 901 299 926 gregationis
313 901 337 919 de
352 900 478 926 Propaganda
493 901 540 919 Fide
553 901 665 922 adhaerens,
675 900 734 919 voluit
748 905 769 919 ut
779 901 851 919 Iustino

180 932 205 951 de
219 932 298 953 lacobis,
309 939 319 951 e
329 931 432 957 Religiosis
442 932 461 950 S.
474 932 567 951 Vincentii
577 938 588 950 a
598 932 662 954 Paulo,
677 939 686 950 ‹
695 932 750 950 titulo
759 936 780 951 et
789 932 850 957 gradu

181 963 250 982 Vicarii
264 963 371 988 Apustolici
385 964 474 982 universa
492 964 642 982 committeretur
657 963 773 988 Abyssiniae
789 964 850 989 regio,

180 1000 238 1019 quam
252 994 310 1013 veluti
324 995 447 1013 missionariis
462 994 569 1013 Praefectus
582 995 621 1013 iam
635 995 734 1014 obtinebat
743 1002 761 1013 ι.

221 1026 271 1044 Cum
285 1030 349 1044 autern
363 1030 408 1045 tunc
422 1026 513 1051 temporis
523 1026 569 1044 cern'
579 1026 626 1044 fines
636 1026 733 1050 utriusque
742 1026 850 1045 Vinariatus

180 1057 231 1075 haud
246 1057 310 1075 statuti
325 1057 410 1078 fuissent,
425 1057 494 1076 accidit
509 1061 529 1076 ut
542 1057 644 1082 postremis
658 1057 710 1076 hisce
724 1057 779 1076 annis
793 1064 850 1082 quae-

180 1088 218 1107 stio
232 1088 256 1107 de
270 1088 316 1113 ipsis
330 1088 420 1107 limitibus
429 1092 471 1107 orta
481 1088 510 1109 sit¹
521 1088 681 1107 contendentibus
693 1092 733 1107 tum
743 1088 850 1110 Lazaristis,

180 1123 220 1138 tum
231 1120 328 1138 Fratribus
338 1119 441 1144 Capulatis,
453 1120 548 1138 civitatem
557 1119 617 1144 vulgo
626 1119 696 1138 dietam
706 1120 851 1139 Addis-Ababa

181 1150 206 1168 ad
220 1157 275 1169 suum
289 1150 403 1169 territorium
417 1150 518 1175 pertinere.
