915 1302
180 49 207 63 158
385 49 410 63 Ex
421 38 439 63 ss
446 49 566 68 eor-gregan-one
578 48 640 63 emim

176 103 195 121 id
209 103 242 121 fiat
256 103 328 127 absque
343 109 415 128 pompa
429 103 508 122 solemni
522 107 542 121 et
556 103 655 122 defunctus
668 107 720 122 recto
730 103 806 122 tramite
816 104 846 122 de-

175 134 244 153 feratur
259 135 282 153 ad
297 135 434 153 coemeterium
444 141 462 156 »3
478 140 533 153 secus
548 134 577 153 ius
591 135 652 159 exigit
661 138 682 153 ut
691 134 805 153 interveniat
815 141 847 159 pa-

175 165 249 184 rochus.
265 165 303 184 Csr.
318 165 371 184 Santi
386 166 483 189 (Praelact.
498 172 546 186 can„
560 166 595 184 vol.
604 171 625 190 j,
640 166 669 184 tit.
679 165 712 186 38,
726 173 745 184 n.
754 167 796 190 5²)-

215 197 259 215 Non
274 197 387 221 suffragatur
401 197 430 215 ius
445 196 557 221 particulare
578 196 718 215 dioecesanum
742 197 845 216 Decretum

175 228 225 246 enim
240 228 330 252 Episcopi
345 228 420 246 Lobetti
435 227 454 246 id
469 228 564 246 interdicit
580 228 668 252 parochis
686 232 706 246 et
726 228 845 250 vicecuratis,

175 259 219 284 quin
235 259 276 277 aliis
291 259 426 280 sacerdotibus,
442 265 466 277 ne
480 258 578 283 capellano
593 259 700 278 coemeterii
718 259 796 283 quidem
815 266 846 278 ex-

175 294 237 315 cepto,
253 290 282 308 ius
296 290 372 314 aliquod
387 290 463 309 tribuat.
481 307 483 309 ,

216 321 298 340 Demi-im
314 328 375 346 neque
389 321 408 340 id
423 321 526 340 adstruitur
535 328 559 340 ex
569 322 712 340 consuetudine.
728 322 784 341 Nulla
794 322 844 340 enim

175 354 290 372 invalescere
310 353 370 378 potuit
391 353 510 372 consuetudo
530 353 594 372 favore
615 353 724 372 coemeterii
745 352 843 377 capellani.

174 385 219 409 quia
233 384 310 409 parochi
325 391 348 402 ex
363 384 448 408 praefato
462 384 540 403 decreto
554 387 609 402 erant
625 384 720 408 impediti:
742 388 762 402 et
776 384 843 402 scitum

146 439 152 443 1
174 420 205 435 est
218 416 281 440 quod:
297 418 361 434 contra
375 422 411 434 non
423 416 514 434 valentem
527 422 582 440 agere
596 422 632 434 non
642 416 704 433 currit
712 415 843 439 praescriptio.

175 448 276 466 Praeterea
292 447 327 465 hoc
349 453 417 465 munus
438 447 548 465 coemeterii
569 446 679 471 capellanus
701 453 738 465 non
759 447 844 465 exercuit

174 479 194 503 a)
209 485 266 502 neque
275 478 372 502 privative
385 478 448 502 quoad
462 478 515 499 alios,
538 485 581 497 nam
602 482 678 497 constat
699 478 747 496 alios
767 484 843 502 quoque

174 510 289 529 sacerdotes.
304 516 316 528 a
330 509 441 534 parentibus
454 509 537 528 defuncti
552 510 659 534 requisitos.
670 509 706 528 hoc
716 515 794 527 munere
804 509 844 527 sun-

174 546 215 560 ctos
230 540 286 559 fuisse
300 544 320 559 et
334 540 399 565 fungi;
414 541 432 565 b)
448 547 504 565 mque
517 544 622 559 constanter
634 543 652 559 et
666 541 707 559 iure
728 541 786 565 quasi
803 546 842 561 suo,

174 572 227 591 sicuti
243 576 295 596 patet
309 578 333 590 ex
348 572 457 591 testimonio
471 572 576 590 sacerdotis
590 572 632 590 Lini
647 571 734 597 Bigliani,
756 572 789 596 qui
810 578 843 596 per

173 610 234 622 annos
247 603 349 622 duodecim
363 603 448 621 eiusdem
463 603 572 621 coemeterii
590 603 700 627 capellanus
718 603 763 624 suit:
783 603 801 626 c)
815 609 844 621 m-

172 641 207 659 que
220 635 304 653 exercuit
317 637 352 653 tota
366 637 445 658 tempore
458 634 485 652 ad
493 634 641 653 cansuctudincm
651 634 804 653 introducendam
817 640 844 652 re—

173 667 247 690 quisito.
271 666 303 684 Ad
318 666 486 690 praescribendum
501 666 551 684 enirn
566 670 632 684 contra
647 666 749 690 pai-ochum
767 666 786 684 in
806 672 843 684 ma-

173 697 221 716 teria
235 697 328 716 suneraria
343 697 395 715 iuxta
417 697 447 715 De
462 697 523 715 Herdt
545 697 627 720 (Praxis
644 697 731 715 Ritualis
752 697 842 717 Romani,

172 730 240 753 capa7,
254 727 270 753 §
281 733 302 752 j,
313 730 359 752 pag,
368 730 415 752 125)
428 728 546 746 consuetudo
565 734 658 746 annorum
675 733 701 751 40
719 734 762 746 eum
781 727 842 749 titulo,

173 759 202 777 vel
217 759 371 778 immemorabilis
385 759 425 777 sine
440 758 500 780 titulo.
515 763 535 777 et
549 759 567 777 in
582 764 662 783 utroque
672 765 717 777 casu
724 759 843 777 intercedere

173 790 231 809 debet
245 790 295 808 bona
310 790 361 809 fides.
377 790 415 809 Sed
429 790 448 809 in
463 797 508 809 casu
523 790 707 815 praeterquamquod
729 790 790 808 nullus
810 790 843 808 ha-

173 823 228 840 betur
242 822 312 843 titulus,
328 826 347 840 et
361 821 411 840 nulla
426 822 544 841 consuetudo
559 822 705 843 immemorialisv
720 822 775 840 deest
784 822 842 840 etiam

172 853 223 872 bona
237 853 290 871 fides.

213 884 253 902 Nec
267 884 341 902 dicatur
354 884 406 908 quod
421 884 456 902 hoc
471 885 500 902 ius
515 890 576 909 neque
590 885 678 909 parochis
686 888 787 908 competat.
798 890 841 902 curn

172 915 236 934 obstet
250 916 347 934 decretum
362 915 452 940 Episcopi
467 916 555 936 Lobetti:
571 922 615 934 nam
629 916 665 934 hoc
683 915 781 934 decretum
803 921 841 933 non

172 951 202 965 est
216 947 352 967 sustinendum,
367 947 412 971 quia
425 947 460 965 fuit
474 946 544 965 nullum
559 947 583 965 ab
598 947 657 966 initio.
676 947 775 965 Firmitate
790 946 841 964 enirn

172 983 237 997 carent
257 978 403 997 constitutiones
426 978 541 1002 synodales,
562 985 612 1003 quae
635 978 669 997 iuri
691 978 787 997 communi
810 977 842 996 ad-

171 1014 283 1031 versantur,
307 1010 334 1028 ait
357 1009 471 1028 Benedictus
492 1010 537 1028 XIV
561 1009 601 1035 (Da
614 1016 661 1034 syn„
677 1010 708 1028 lib.
723 1015 752 1030 12,
767 1011 806 1033 cap.
824 1015 840 1030 1,

172 1047 190 1059 n.
207 1040 249 1066 81);
271 1041 352 1065 ideoque
368 1047 379 1060 a
393 1041 465 1059 fortiori
484 1042 628 1060 constitutiones
644 1045 664 1060 et
682 1041 758 1060 dem-em
779 1046 841 1060 extra-

172 1072 280 1096 synodalia.
303 1073 338 1091 nisi
360 1073 467 1097 Episcopus
488 1072 581 1096 speciales
601 1072 689 1091 habuerit
708 1072 809 1091 facultates
829 1079 840 1091 a

172 1104 250 1122 Summo
265 1104 366 1123 Pontifice„
382 1104 422 1122 Etsi
436 1104 454 1122 in
470 1104 562 1128 principio
578 1103 675 1122 decretum
695 1104 786 1128 Episcopi
806 1104 841 1123 Lo-

171 1135 218 1153 betti
232 1135 315 1154 validum
331 1135 391 1156 suerit,
406 1135 454 1153 hanc
471 1139 535 1153 tamen
549 1135 665 1153 validitatem
681 1135 745 1153 amisit
759 1135 839 1153 decursu
