915 1302
190 63 208 77 70
356 59 381 73 Ex
392 59 406 73 s.
417 60 472 76 congr.
484 59 499 73 s.
507 59 525 73 R*
537 61 550 73 ιι
562 59 579 73 υ,
591 58 689 77 unq-«isitium

189 111 259 130 ciseam
267 111 386 133 Kozlowska,
396 118 454 136 quarn
462 112 602 130 sanctissimam
609 115 688 130 matrem
696 111 766 133 dicunt,
776 111 809 130 SS.
821 111 857 130 Dei

190 143 282 161 Genitrici
297 143 397 161 sanctitate
412 149 484 167 parem,
498 143 539 161 sine
549 142 603 161 cuius
613 143 719 167 patrocinio
729 149 786 161 nemo
796 142 858 161 salvus

171 186 173 188 v
189 180 232 192 esse
246 174 312 198 possit,
328 178 347 192 et
361 180 411 198 quae
425 174 524 199 delegavit
537 174 628 192 loannem
639 174 741 195 Kowalski.
752 178 773 192 ut
782 180 817 192 suo
828 180 859 192 no-

192 205 243 223 mine
257 209 347 229 tanquam
362 205 449 223 Minister
463 205 559 230 generalis
573 209 633 224 totam
647 205 791 224 Mariavitarum
800 204 859 223 socie-

190 240 250 254 tatem
264 240 325 261 regat.
341 235 389 254 Cum
406 236 464 260 igitur
481 240 556 254 constet
573 236 670 260 praedicta
687 236 744 254 totius
763 235 860 254 societatis

190 267 258 291 capita,
274 267 364 285 loannem
379 267 477 286 Kowalski
491 271 511 286 et
524 267 604 286 Mariam
615 267 735 286 Franciscam
745 267 860 286 Kozlowska

190 298 226 317 etsi
242 298 309 317 iterurn
324 298 429 322 iterumque
444 298 527 317 monitos
540 298 559 317 in
574 299 614 317 suis
627 298 721 323 perversis
734 298 826 317 doctrinis
840 302 860 316 et

191 329 320 349 molitionibus
334 330 403 354 quibus
417 330 522 354 simplicem
533 330 671 348 multitudinem
683 330 781 354 decipiunt
789 334 809 348 et
818 336 859 354 per-

190 365 271 384 vertunt,
287 361 382 380 obstinate
397 361 503 385 persistere.
518 365 575 385 atque
589 361 608 379 in
623 361 707 380 censuris
721 362 740 379 in
754 367 802 385 quas
816 361 860 379 inci·

190 392 260 411 derunt
266 392 382 414 sordescere.
391 392 438 411 haec
448 392 506 411 Sacra
516 392 609 417 Suprema
619 392 750 417 Congregatio
760 392 779 410 S.
786 392 810 410 R.
816 392 839 410 U.
846 392 860 411 I.

190 424 215 443 de
229 430 321 448 expresso
335 423 389 442 SSmi
404 423 481 442 Domini
496 423 561 442 Nostri
576 423 672 445 mandato,
684 429 707 442 ne
717 423 764 447 quis.
776 429 818 441 cum
828 423 861 441 de-

190 455 279 474 trimento
293 454 358 473 salutis
372 459 467 475 aeternae,
483 454 560 473 ulterius
574 454 693 473 communicet
706 454 791 478 aperibus
805 454 861 472 mali*

188 486 235 511 gnis
249 486 324 505 Ioannis
339 486 437 504 Kowalski
451 490 471 504 et
486 485 568 504 mulieris
578 485 698 507 Kozlowska,
709 485 793 504 declarat
802 489 861 509 atque

190 518 248 536 edicit
263 517 334 536 dictum
349 517 469 536 sacerdotem
484 517 574 536 Ioannem
589 516 687 535 Kowalski
698 521 861 541 memoratamque

190 549 293 574 foeminam
308 549 389 567 Mariam
404 548 524 567 Franciscam
539 548 659 569 Kozlowska,
670 548 782 567 nominatim
791 554 812 566 ac
817 550 862 572 per-

190 580 281 599 sonaliter
290 580 356 598 maiori
366 580 464 598 subiacere
474 580 671 601 excommunicationi,
680 580 791 604 ambosque,
800 586 810 598 e
818 585 862 604 gre-

191 611 229 630 mio
243 611 342 629 Ecclesiae
356 611 437 629 Sanctae
452 610 489 629 Dei
503 611 579 635 penitus
593 615 684 632 extorres,
700 610 789 629 omnibus
803 610 861 635 plecti

190 642 258 667 poenis
272 641 346 666 publice
360 642 573 663 excommunicatorum.
589 642 670 666 ideoque
685 642 776 660 Ioannem
786 641 863 661 Kowal-

191 674 220 692 ski
235 678 254 692 et
268 673 349 692 Mariam
364 673 484 692 Franciscam
499 680 541 692 esse
555 673 641 692 vitandos
655 680 677 692 ae
691 673 754 692 vitari
765 673 833 693 debere.

232 704 338 723 Committit
352 704 429 728 insuper
447 704 489 724 RR.
506 704 540 723 PF.
559 704 604 724 DD.
621 704 743 723 Varsaviensi
763 704 863 729 Archiepi-

191 741 256 760 scopo,
272 735 363 756 Plocensi,
379 735 495 756 Lublinensi,
506 735 601 754 Kielcensi
616 735 701 760 aliisque.
717 741 797 760 quorum
812 736 862 755 sorte

191 767 274 788 interest?
289 766 390 791 Episcopis
405 766 486 788 Pohanis,
502 771 527 787 ut.
543 767 619 785 nomine
633 767 693 791 ipsius
707 767 789 785 Sanctae
799 767 861 789 Sedis,

191 798 287 817 declarent
301 798 388 823 singulos
402 802 421 817 et
435 804 502 817 ornnes
516 798 634 822 respectivae
649 804 694 816 suae
707 798 818 817 dioeceseos
833 805 862 817 sa-

186 830 279 855 ·cerdotes
292 829 357 848 infami
371 833 435 848 sectae
449 829 579 848 Mariaviticae
589 829 651 848 adhuc
660 829 752 851 addictos,
764 830 799 848 nisi
814 830 863 849 infra

190 861 258 885 viginti
273 860 320 882 dies,
331 860 354 879 ab
369 860 411 885 ipso
425 860 532 885 praesentis
541 860 665 879 intimationis
674 860 705 879 die
715 861 861 885 computandos,

192 892 265 910 sineere
279 891 397 916 resipuerint.
408 891 471 910 eidem
480 891 672 910 excommunicationi
683 892 754 913 maiori.
765 892 862 916 personali

191 927 211 941 et
221 922 316 944 nominali,
328 923 398 947 pariter
407 923 505 941 subiacere
515 923 621 947 eademque
631 922 704 941 ratione
713 923 802 942 vitandos
812 930 861 942 esse.

232 953 351 972 Paelaudati
365 960 410 972 vero
425 953 523 972 Praesules
542 953 604 978 magis
622 960 644 972 ac
662 954 724 979 magis
742 958 832 979 satagant
850 960 863 973 e

191 991 253 1010 grege
263 991 298 1003 suo
308 984 378 1006 fideles.
389 990 400 1003 a
410 984 530 1003 sacerdotum
540 985 682 1003 Man-invitatum
693 985 765 1003 insidiis
775 991 797 1003 ac
811 984 864 1004 nien-

191 1016 251 1035 daeiis
266 1016 334 1035 misere
348 1016 444 1040 deceptos.
455 1016 559 1035 admonere
569 1022 607 1034 non
616 1016 697 1040 amplius
707 1016 805 1035 Ecclesiae
815 1016 863 1035 San-

192 1052 234 1067 ctae
249 1047 286 1066 Dei
295 1048 390 1072 genuinos
399 1053 442 1066 esse
452 1053 510 1072 posse
520 1047 568 1066 filios
577 1051 671 1071 quotquot
680 1047 782 1066 damnatae
796 1051 862 1066 sectae

192 1079 322 1098 Mariavitieae
336 1079 417 1097 scienter
431 1078 552 1096 adhaeream.

389 1114 456 1132 Petrus
470 1113 585 1135 Palombelli,
601 1114 622 1132 S.
633 1114 658 1133 R.
668 1117 685 1132 ct
698 1114 720 1132 U.
732 1114 749 1133 I.
759 1114 862 1133 Notarius.

421 1158 634 1174 *ww—-
