915 1302
172 55 194 80 '9⁴
382 62 407 76 Ex
418 62 433 76 s.
443 62 564 82 congregazione
576 62 638 77 emim

174 116 211 135 alia
224 121 318 142 peragant
332 123 381 141 quae
395 117 486 141 prodesse
501 121 580 141 possunt
594 116 618 135 ad
632 116 796 141 comprobandum
808 117 844 135 ius⁴

174 152 294 172 patronatum
309 148 328 166 in
342 147 378 166 illis
392 148 424 172 qui
438 154 472 166 eos
488 152 640 172 praesentarunt.
662 147 732 166 Notum
750 147 843 172 siquidem

174 183 204 197 est
211 179 332 203 principium:
344 178 400 197 illum
409 179 479 197 sentire
486 179 547 197 debere
557 179 698 200 incommodum,
705 179 741 203 qui
746 181 764 197 ct
770 185 845 197 commo*

173 210 219 228 dum
232 210 293 229 sentit.
673 226 682 231 ,

215 241 294 266 Insuper
307 241 355 260 haee
368 242 460 267 obligatio
475 242 493 260 in
504 242 629 266 praesentatis
638 246 667 260 est
676 241 754 260 inducta
763 248 775 260 a
785 241 845 267 longa

174 272 317 294 consuetudine.
332 279 381 297 quae
396 273 450 292 sicuti
464 273 502 291 vim
517 273 575 291 habet
588 273 607 291 in
622 273 668 297 ipsis
679 279 749 291 novum
759 279 808 291 onus
818 273 844 291 in-

174 303 261 325 ducendi,
277 304 303 322 ita
315 303 381 323 favore
395 308 518 329 patronorum
533 304 582 329 parit
595 303 732 326 liberationem,
744 304 770 322 uti
785 304 844 329 liquet

173 341 198 354 ex
212 338 251 359 cap.
266 335 300 354 ult.
315 335 337 354 dc
346 339 423 355 cansuet.

215 366 282 391 Neque
296 366 380 385 secundo
394 366 468 385 videtur
480 366 587 385 huiusmodi
598 366 663 391 praxis
672 366 741 385 referre
751 366 844 385 simoniae

174 397 263 422 speciem.
278 397 305 416 Ut
314 398 333 416 in
343 398 478 416 beneficiorum
488 397 587 416 collatione
597 397 677 416 simonia
687 397 796 419 intercedat.
812 403 844 422 pa-

174 433 225 447 ctum
239 428 269 447 vel
283 429 384 447 conventio
399 429 447 447 inter
461 429 537 447 dantem
552 433 571 447 et
587 429 712 453 accipientem
730 428 844 447 beneficium

174 459 241 478 adesse
249 464 325 484 oportet
335 464 354 478 et
363 460 440 485 quidem
452 460 499 479 haec
509 460 610 479 conventio
620 459 735 485 praecedere
745 459 803 478 debet
813 460 845 478 be·

174 491 235 509 neficii
245 491 380 516 receptionem.
389 491 438 510 l-linc
446 491 508 516 Engel
523 491 600 516 (Colleg,
611 491 663 509 univ.
675 491 712 509 ίαν.
723 497 771 512 can„
781 491 813 509 lib.
820 496 840 515 5,

173 522 203 541 tit.
211 528 232 547 y,
241 521 257 548 ἕ
265 522 284 547 1)
295 522 361 541 habet:
376 530 385 540 α
392 523 449 541 Adeo
458 529 504 541 vero
511 527 587 547 paetum
596 522 712 547 praecedens
719 526 749 541 est
757 528 844 541 necessa-

174 554 227 575 rium.
238 557 259 572 ut
268 554 309 572 sine
318 560 342 572 eo
352 560 390 572 non
400 558 498 578 reputetur
507 553 593 574 simonia,
601 554 688 578 quamvis
695 560 725 572 res
733 553 844 578 temporalis

174 591 208 609 pro
223 584 314 609 spirituali
329 585 388 603 detur.
405 585 459 603 Unde
474 585 505 609 qui
515 584 574 603 libere
588 589 608 603 et
622 589 690 609 sponte
704 584 774 609 aliquid
784 585 844 603 donat

173 616 196 637 ei.
212 622 224 634 a
233 622 271 640 quo
281 622 321 635 rem
330 620 363 634 aut
372 616 485 635 beneficium
495 616 591 641 spirituale
601 616 679 640 accepit,
692 622 729 634 non
741 620 844 641 propterea

173 647 273 666 simoniam
288 647 397 669 committitp
413 647 457 672 quia
472 654 502 666 res
517 647 619 672 spiritualis
633 653 671 666 non
685 652 715 666 est
728 647 810 666 deducta
825 647 843 665 in

174 678 308 697 commercium
323 683 342 697 et
355 678 493 704 obligationem
507 685 542 703 pro
557 685 576 697 re
586 678 685 703 temporali
694 678 844 703 tamquam'eius

174 710 241 734 pretio,
256 710 290 729 sed
305 716 373 728 munus
387 710 452 729 datum
467 714 497 729 est
506 709 619 729 ostendendi
629 710 687 729 animi
697 710 746 735 grati
756 716 814 728 causa
824 717 843 729 ».

173 741 218 766 Age
232 747 277 760 vero
292 741 393 760 conventio
407 741 425 759 in
440 741 524 759 themate
539 741 624 765 arguitur
640 741 739 759 dumtaxat
755 747 780 759 ex
799 744 844 765 post

174 772 223 791 sacto
237 772 352 791 defensionis
366 772 468 797 praestitae
487 778 499 791 a
519 776 641 797 praesentato
662 772 681 790 in
700 778 758 790 causa
777 776 844 796 postea

173 808 239 822 secuta
253 804 302 822 circa
316 804 437 822 existentiam
451 803 608 828 iurispatronatus
622 803 641 821 in
656 807 741 827 patrono.

214 834 285 853 Verum
299 834 346 853 haec
360 834 452 859 obligatio
467 834 485 853 in
495 834 621 858 praesentatis
630 834 693 858 potius
703 834 797 859 originem
811 833 844 851 du-

173 865 199 884 cit
212 872 224 884 a
238 865 380 884 consuetudine.
395 865 478 884 Aliunde
495 869 612 890 compertum
628 869 658 884 est
672 865 735 890 plures
749 871 844 890 expensas

173 897 213 915 fieri
227 897 266 915 sive
276 897 302 916 ,in
321 897 416 921 rescriptis
434 896 536 915 Pontificiis
555 897 673 918 obtinendis.
693 897 732 915 sive
751 897 770 915 in
785 896 844 915 Bullis

173 928 308 947 beneficiorum
323 928 420 950 collativis,
436 928 475 946 sive
490 928 508 946 in
523 928 564 946 aliis
578 928 757 952 dispensationibus,
767 934 804 946 non
815 934 844 946 so-

173 959 211 978 lum
225 966 289 978 coram
304 959 362 978 Curia
376 960 463 978 Romana
478 959 512 978 sed
526 959 584 978 etiam
598 965 661 978 coram
676 959 732 978 curiis
746 959 844 984 episcopa-

173 991 222 1010 libus
236 992 254 1009 in
264 991 334 1015 quibus
343 991 434 1015 rescripta
444 991 552 1009 executioni
563 990 684 1012 mandentur;
700 995 719 1009 et
729 990 843 1009 solutionem

173 1023 239 1041 harum
254 1027 341 1041 taxarum
356 1028 412 1041 nemo
427 1022 453 1040 uti
468 1022 590 1041 simoniacam
608 1022 742 1040 incriminatur.
765 1022 819 1046 Ergo
833 1028 844 1040 a

173 1054 213 1078 pari
227 1053 323 1072 videretur
337 1059 379 1072 esse
389 1053 509 1072 sentiendum
519 1053 543 1071 de
553 1053 643 1078 expensis
652 1059 701 1078 quae
711 1053 757 1072 fiunt
770 1059 782 1071 a
791 1059 844 1077 prae-

174 1085 252 1103 sentatis
265 1085 285 1111 1¹².
293 1084 363 1103 i'udicio
373 1084 466 1103 intentato
476 1084 566 1108 patronis.
582 1084 683 1103 Caeterum
696 1085 711 1103 si
726 1084 788 1108 aliqua
802 1090 845 1109 pro-

173 1116 221 1135 visio
235 1116 254 1134 in
271 1116 346 1134 casibus
363 1115 506 1140 particularibus
522 1116 546 1134 ab
562 1115 597 1134 hac
612 1115 631 1135 S.
642 1115 664 1134 C.
675 1115 757 1134 invocari
774 1119 842 1140 potest,

174 1153 211 1166 non
222 1147 290 1166 exinde
298 1146 449 1166 concludendum
457 1150 486 1165 est
495 1146 519 1165 ad
529 1147 674 1172 abrogationem
682 1147 766 1166 omnium
776 1147 844 1165 iurium
