915 1302
365 52 432 66 Romana
590 50 592 52 ’
707 53 734 70 ¹⁴3

64 104 118 123 relati
131 105 203 123 decreti
222 105 241 125 S.
257 105 278 125 C.
294 105 333 124 EE.
349 110 369 124 et
382 106 423 125 RR.
439 106 477 125 diei
492 112 503 129 9
519 106 567 126 Nov.
586 112 641 130 1595.
660 112 734 125 necnon

63 134 141 154 alterius
155 136 198 155 huic
213 136 279 155 similis
293 137 318 155 ab
327 137 395 156 eadem
405 137 423 156 S.
435 137 456 156 C.
467 137 513 156 editi
523 138 554 156 die
567 143 588 161 15
601 137 733 161 Martii'1599,

63 167 194 191 quaestionem
209 168 290 187 instituit
308 168 358 187 circa
375 168 459 187 valorem
478 168 546 187 horum
563 169 689 191 decretorum,
709 175 734 188 an

62 198 137 217 seilicet
149 198 196 217 haec
210 199 288 218 decreta
302 199 389 218 habenda
408 200 446 218 sint
460 200 487 218 uti
505 200 604 225 generalia
622 200 652 219 vel
671 201 735 225 potius

62 229 188 253 particularia.
203 230 308 249 Contendit
323 230 393 249 nullum
407 237 431 249 ex
445 231 498 250 hisee
512 231 593 250 decretis
602 238 645 250 esse
655 232 733 251 formale

62 260 160 279 decretum
174 261 270 286 generale.
281 268 320 286 quo
330 262 350 282 S.
361 262 493 287 Congregatio
507 263 607 287 prohibeat
617 263 734 282 erectionem

62 292 238 311 confraternitatum
253 292 342 312 laicorum
357 294 376 312 in
395 294 514 312 monasteriis
532 294 647 313 monialium.
670 295 733 319 Ipsum

62 324 113 342 enim
128 323 226 342 decretum
240 324 259 342 in
279 324 389 344 Tirasoncn.
408 325 446 343 diei
465 331 476 348 9
492 326 540 344 Nov.
559 332 565 344 ι
571 331 614 349 595,
634 326 685 350 quod
704 330 734 345 est

61 355 199 374 documentum
214 356 337 380 praecipuum
352 356 370 374 in
385 356 420 375 hac
435 356 520 378 materia,
536 360 565 375 est
579 357 692 381 particulare
702 357 734 376 de-

61 390 136 405 cretum
151 392 185 410 pro
206 386 314 411 particulari
328 387 411 406 dioecesi
426 387 498 406 datum
517 388 608 406 Attamen
623 388 687 409 subdit
701 388 733 407 hu-

61 417 144 436 iusmodi
159 417 256 436 decretum
272 418 339 437 merito
353 418 418 437 haberi
433 419 457 437 ab
472 419 581 437 auctoribus
595 419 621 437 uti
635 419 732 444 generale,

60 454 119 472 quum
135 449 226 467 motivum
242 449 374 473 prohibitionis
388 450 407 468 in
421 450 490 468 eodem
504 450 607 469 adductum
622 450 647 469 ita
662 451 686 469 sit
700 457 734 475 ge-

61 480 127 499 nerale
142 484 162 498 ut
176 480 241 499 omnia
258 480 368 499 monialium
388 482 502 500 monasteria
518 482 613 506 respiciat.
631 482 690 506 quue
709 488 732 501 eo

60 511 89 529 vel
105 511 168 536 magis
182 511 226 536 quia
241 511 259 530 in
274 512 359 536 praefato
368 512 445 531 decreto
455 512 559 531 affirmatur
573 512 668 537 generalis
678 519 733 531 mens

61 542 224 567 congregationis
238 543 332 561 contraria
346 543 454 562 huiusmodi
464 544 597 565 erectionibus,
610 544 732 568 quemadmo-

60 573 105 592 dum
121 578 200 598 apparet
214 574 272 593 etiam
286 581 310 594 ex
325 574 414 599 explicita
428 575 562 599 applicatione,
577 581 634 600 quam
644 575 689 594 dicti
698 575 733 594 'de-

60 605 106 623 creti
122 605 165 625 fecit
179 605 247 624 eadem
262 605 281 625 S.
296 605 318 625 C.
334 605 358 624 ad
372 611 437 624 casum
452 606 585 630 particularum
600 606 618 624 in
634 613 672 625 una
685 607 733 625 Ful-

58 637 144 660 ginalsn.
159 636 197 655 diei
213 638 237 655 26
247 637 298 661 Aug.
311 638 365 660 1891.
377 637 479 656 Concludit
489 637 574 661 proinde.
585 637 625 656 sive
635 642 732 662 spectetur

60 668 171 687 doctrinalis
184 668 316 693 interpretatio
331 668 370 686 sive
379 669 437 686 etiam
446 668 560 690 authentica.
571 668 668 687 decretum
678 675 731 693 prae-

37 717 39 719 ,
60 699 125 717 sertim
140 699 158 717 in
177 699 196 717 T
195 700 287 717 irasonm.
302 699 339 717 diei
354 706 366 722 9
381 700 430 719 Nov.
444 705 492 723 1595
503 697 545 718 'vim
553 700 625 718 decreti
635 700 732 725 generalis

60 730 131 748 habere
146 736 168 748 ac
182 730 262 754 proinde
276 730 386 755 generalem
400 736 443 749 esse
457 731 605 755 prohibitionem
620 737 643 749 ne
658 732 676 750 in
692 737 731 750 mo-

60 761 137 780 nialium
152 762 272 780 monasteriis
286 762 450 781 confraternitates
464 762 555 781 laicorum
569 762 672 787 erigantur.

99 793 180 817 Inquirit
193 798 292 817 praeterea
306 793 330 812 de
345 793 401 811 huius
410 794 543 817 prohibitionis
553 793 670 814 extensione.
684 794 730 818 quid

61 829 129 848 nempe
144 824 208 842 veniat
222 824 257 842 sub
271 824 369 843 vocabulis
383 824 547 848 confraternitates
561 824 652 843 laicorum
666 828 686 843 et
695 831 731 843 mo-

60 855 144 873 nasteria
158 855 277 873 monialium.
293 855 351 874 Porro
365 862 404 874 vox
417 849 564 879 confraternitas
578 856 596 874 in
611 855 651 874 iure
669 856 731 874 deter-

61 886 152 905 minatum
167 892 243 905 sensum
258 893 296 905 non
311 887 374 907 habet,
394 893 453 911 quum
472 887 530 905 etiam
549 893 583 911 pro
600 887 632 911 pia
652 887 728 909 unione,

60 917 211 942 congregatione
225 922 259 936 aut
266 918 297 941 pio
307 923 364 942 opere
370 921 480 945 usurpetur.
491 918 582 936 Attamen
592 918 731 937 associationes

61 954 126 967 omnes
140 949 165 967 ad
179 948 271 973 triplicem
289 948 369 967 classem
388 949 452 967 reduci
471 953 556 973 possunt.
577 955 654 973 nempe:
673 951 691 967 1⁰
705 949 729 968 ad

61 980 224 998 confraternitates
238 980 303 998 stricte
317 984 415 1004 sumptas;
432 982 452 998 2⁰
466 980 490 998 ad
509 980 673 999 confraternitates
692 980 730 999 late

61 1015 158 1035 sumptas;
174 1013 195 1034 3⁰
208 1011 232 1029 ad
247 1011 411 1029 confraternitates
426 1010 517 1029 latissime
532 1015 617 1035 sumptas
635 1017 668 1029 seu
688 1011 730 1035 pias

60 1042 144 1060 uniones.
160 1042 202 1060 Hae
216 1046 325 1066 postremae
343 1042 416 1060 definiri
434 1046 527 1066 possunt:
548 1042 630 1061 fidelium
648 1043 730 1061 associa-

60 1073 120 1092 tiones
134 1073 159 1092 ad
173 1073 250 1098 pietatis
264 1077 283 1092 et
297 1073 381 1092 caritatis
394 1080 453 1098 opera
467 1073 575 1092 exercenda
589 1074 692 1093 institutae.
713 1074 729 1092 E

60 1108 124 1123 contra
138 1104 198 1129 prima
212 1109 232 1123 et
246 1104 330 1123 secunda
344 1104 519 1123 confraternitatum
534 1105 607 1129 species
617 1105 641 1123 ad
651 1105 729 1124 modum

61 1136 144 1160 organici
159 1135 244 1160 corpor-is
262 1140 307 1154 sunt
325 1136 444 1157 constitutae,
467 1136 493 1154 uti
514 1136 585 1155 eruitur
606 1142 630 1154 ex
650 1136 730 1155 decreto
