915 1302
368 35 480 50 smandm‘m.
611 30 614 32 ’
735 36 754 53 ⁴³

83 88 149 110 fiscali,
169 95 211 107 cum
228 89 256 107 ita
270 88 333 107 iudicii
352 93 416 113 partes
434 89 546 108 essentiales
564 89 645 107 deficere
662 89 753 110 dicantur,

82 126 142 144 super
160 126 254 138 concursu
273 120 328 138 trium
347 126 472 144 personarum
488 120 564 142 actoris,
580 120 647 139 iudicis
666 125 685 139 et
699 120 726 139 rei
736 127 753 139 »-

125 151 146 169 ln
161 157 206 170 casu
221 157 267 170 vero
282 151 380 176 proposito
399 151 423 170 de
442 151 513 170 fabrica
528 151 620 170 ecclesiae
635 152 754 176 parochialis,

82 182 159 201 videtur
168 186 280 201 concurrere
295 182 384 207 specialis
394 183 492 207 ratio·pro
506 183 613 201 interventu
628 183 755 207 procuratoris

82 213 155 232 fiscalis
168 214 187 232 in
201 214 309 233 huiusmodi
324 214 397 232 iudiciis
415 214 536 238 quantumvis
555 214 666 233 summariis.
682 214 754 233 Scitum

81 245 135 263 enirn
150 249 180 263 est
194 245 246 263 iuxta
255 245 401 269 dispositionem
416 245 475 263 Cone.
486 245 539 263 Trid.
554 245 605 270 (sess.
615 251 646 266 22,
658 248 696 269 cap.
706 251 719 270 9
733 245 755 264 dc

81 276 178 301 quorm.)
188 276 240 300 quod
248 276 330 295 fabricae
340 276 431 297 ecclesiae
441 276 604 295 administratores
614 277 693 301 singulis
700 276 755 295 annis

80 311 171 326 tenentur
179 307 259 326 reddere
269 308 361 326 rationem
372 314 417 326 suae
427 307 596 326 administrationis
601 307 704 326 Ordinatio
711 307 754 326 loci.

80 338 140 357 Unde
154 339 205 357 bona
219 339 243 357 ab
258 339 304 363 ipsis
318 339 450 357 administrata
464 343 508 357 sunt
522 339 558 357 sub
571 339 648 364 speciali
664 339 754 364 Episcopi

80 370 189 394 vigilantia,
211 370 264 388 cuius
286 374 350 394 partes
371 374 502 394 repraesentat
523 370 581 389 fiscus
602 377 635 389 seu
657 374 755 395 promotor

80 401 157 420 fiscalis.
174 401 224 420 Hinc
238 402 253 420 si
268 402 362 426 parochus
377 406 443 426 utpote
458 408 507 420 unus
517 408 541 420 ex
555 402 662 426 praecipuis
672 401 754 420 fabricae

80 433 269 452 administratoribus
288 433 328 451 iura
346 433 432 451 eiusdem
452 433 533 451 fabricae
553 439 595 451 cum
610 432 685 451 licentia
700 433 754 451 Ordi-

80 464 130 482 narii
149 464 245 483 vindicare
262 464 313 483 valet
332 464 350 482 in
365 464 439 485 iudicio.
457 470 482 482 ex
496 464 532 482 hoc
547 470 585 482 non
600 464 685 488 sequitur
702 464 754 488 quod

80 495 100 514 in
123 502 148 514 eo
162 495 186 514 sit
200 495 331 514 excludendus
352 496 466 520 praecipuus
488 499 539 514 tutor
559 500 579 514 et
600 500 664 514 custos
684 501 753 519 nempe

80 526 151 545 fiscalis
166 531 282 551 procuratori

124 558 192 582 Neque
206 558 313 576 huiusmodi
328 558 450 582 quaestiones
465 558 513 576 inter
527 558 648 576 coadiutores
666 562 685 576 et
699 564 753 582 paro-

79 589 129 607 chos
144 588 202 607 relate
216 589 241 607 ad
255 589 350 614 quaedam
365 589 405 607 iura
414 595 462 613 quae
478 589 524 607 forte
539 595 550 607 a
564 589 652 613 parochis
661 589 753 608 ecclesiae

79 620 165 638 fabricae
179 620 216 638 iam
231 620 299 638 fuerint
314 620 425 645 applicatae,
441 620 550 639 censendae
564 624 608 639 sunt
621 620 698 639 levioris
714 627 753 639 mo-

80 652 142 670 menti
157 652 284 676 quaestiones.
300 652 436 670 Praetermisso
450 652 500 670 enirn
515 652 566 676 quod
581 658 605 670 ex
619 652 649 670 his
663 652 753 671 scandala

79 687 100 701 et
115 683 169 701 rixae
188 689 226 701 non
241 682 293 701 leves
310 683 380 701 exoriri
399 683 467 704 solent,
482 683 570 701 habenda
585 683 642 701 etiarn
662 683 710 701 ratio
724 687 754 701 est

79 709 198 738 praeiudicii,
214 714 265 738 quod
280 714 371 733 obvenire
386 718 449 738 potest
463 718 503 732 tum
517 714 608 732 ecelesiae
621 718 641 732 et
654 714 711 732 cultui
726 714 753 733 di-

79 745 132 765 vino,
148 748 188 763 turn
203 745 343 763 successoribus
358 745 376 763 in
391 745 489 763 beneficio.
505 745 570 769 Itaque
585 745 667 763 maxime
686 751 753 763 conve-

80 776 136 794 niens
150 780 170 794 et
184 776 303 795 necessarius
317 781 370 795 extat
384 782 487 794 concursus
502 776 519 794 in
534 776 563 794 his
577 776 650 794 iudiciis
665 782 753 800 procura-

80 807 128 825 toris
149 807 223 828 fisealis.
243 808 274 832 qui
292 814 334 826 cum
354 807 425 826 nullum
443 808 534 826 interesse
556 807 656 831 personale
676 808 751 828 habeat,

79 838 162 856 validius
175 842 195 857 et
209 839 302 863 integrius
316 839 357 857 iura
371 839 462 857 ecclesiae
477 839 533 857 tutari
547 838 604 858 valet.

122 870 190 894 Neque
204 870 271 888 ultimo
285 870 328 889 loco
342 871 467 889 omittendum
477 870 528 894 quod
543 870 671 894 procuratoris
684 870 752 889 fiscalis

80 907 184 919 concursus
198 901 217 919 in
232 901 305 920 iudiciis
319 908 395 920 ornnem
410 901 533 925 praecludere
547 901 598 919 valet
612 901 683 920 aditum
698 907 752 925 paro-

80 932 160 950 chorum
182 932 311 957 negligentiae
333 932 352 951 in
370 932 443 951 iuribus
464 932 545 951 fabricae
566 932 697 952 defendendis,
719 930 751 951 Ad

80 963 129 982 hant:
144 963 284 988 impediendam
299 964 318 982 in
332 964 496 982 administratione
510 964 569 982 Cone.
585 964 638 983 Trid.
656 964 696 988 (loc.
711 964 751 989 cit.)

80 995 204 1019 praescripsit
210 995 397 1014 administratoribus
406 995 519 1013 fabricarum
527 995 615 1013 annalem
625 995 751 1014 redditionem

81 1026 183 1047 rationum;
199 1027 217 1044 in
232 1026 306 1045 iudiciis
320 1033 366 1045 vero
380 1026 457 1050 quando
471 1026 489 1044 in
505 1026 654 1045 controversiam
673 1027 752 1045 veniunt

81 1057 122 1076 iura
136 1057 196 1076 stolae
210 1057 248 1075 iam
263 1057 338 1076 fabricis
356 1057 479 1076 ecclesiarum
497 1057 592 1081 applicata
606 1057 659 1076 iuxta
672 1057 752 1082 disposi-

80 1089 152 1108 tionem
169 1089 255 1108 eiusdem
274 1089 334 1108 Cone.
352 1088 405 1107 Trid.
425 1089 475 1113 (sassi
490 1094 521 1113 2j,
536 1091 575 1112 cap.
590 1094 600 1107 l
614 1089 636 1107 de
650 1089 750 1114 Reform),

81 1121 206 1144 parochorum
221 1121 351 1146 negligentiae
366 1121 384 1139 in
399 1121 428 1139 his
443 1121 527 1139 tutandis
536 1121 645 1142 occurritur,
661 1128 695 1146 per
709 1128 751 1146 pro-
