915 1302
192 41 211 55 σε
496 42 562 61 Epistola

451 95 602 116 EPISTULA

192 134 235 157 Qua
247 136 293 153 Pius
304 136 324 152 X
335 136 403 153 laudat
414 136 587 157 Arehiepincopum
594 136 744 154 Urbinatensem
752 138 777 154 ob
786 138 868 154 excita-

237 164 278 180 tum
290 163 421 180 Seminarium
432 164 503 181 maius.

429 209 542 222 VENERABILI
556 209 626 223 FRATRI

307 241 374 254 lOANNl
389 241 435 253 MARI
438 241 461 254 ΑΕ
476 237 624 254 ΔΚΕΗΙΕΠὸΕΟΡΟ
639 241 722 254 nnumin·
725 241 734 254 1:
737 241 751 254 Μ

634 272 720 285 munuum

460 306 516 324 PIUS
530 306 564 324 ΡΡ.
580 306 599 324 X

225 337 341 356 Venerabilis
349 337 422 361 frater,
437 338 515 356 salutem
524 340 542 356 at
550 338 678 361 Apostolicam
688 337 837 356 benadictionem.

233 381 322 406 Litteras,
337 388 385 406 quas
399 382 424 400 ob
439 382 549 400 memoriam
564 382 696 400 suavissimam
710 382 753 400 Iesu
763 381 836 400 Christi
848 381 868 400 in

193 413 248 431 terris
263 414 364 435 nascentis,
380 420 440 438 nuper
454 414 519 434 dabas.
535 413 610 432 suerunt
623 413 684 432 Nobis
695 413 817 431 iucunditatis
827 412 869 438 ple-

194 450 235 462 nae.
256 444 333 462 Eminet
352 445 403 463 enim
417 445 435 463 in
455 445 478 463 iis
495 444 556 463 filialis
575 445 645 469 pietas,
661 451 719 469 quam
732 450 780 469 erga
794 444 868 463 Sedem

194 475 326 499 Apostolieam
340 476 400 494 foves.
421 475 477 494 Libet
491 476 548 500 igitur
562 475 623 494 Nobis
637 475 721 494 animum
735 475 827 494 Nostrum
848 479 869 493 et

195 512 298 525 memorem
313 511 332 525 et
346 506 545 525 benevolentissimum
560 511 625 525 mutuo
640 506 723 531 profiteri
737 513 760 525 ac
774 506 831 525 simul
842 506 868 524 ob

194 543 218 555 ea
232 537 290 556 effuse
309 537 381 559 laetari,
399 544 448 562 quae
467 542 511 556 sunt
528 544 539 556 a
556 542 574 556 te
593 538 666 556 interea
685 541 742 562 gesta
761 537 867 562 praeclare.

195 568 251 586 Enim
265 574 311 587 vero
325 569 416 594 singulari
430 569 559 593 expectationi
569 569 651 587 Nostrae
661 575 719 593 quam
728 573 785 587 antea
795 574 869 593 magna

195 606 238 618 curn
252 600 308 618 laude
323 600 444 621 sustinueras,
461 600 479 618 in
494 606 572 619 munere
586 600 702 621 difficillimo,
713 600 797 619 iniuncto
807 606 819 618 a
829 600 868 618 No-

196 632 230 653 bis,
246 631 319 650 naviter
333 631 422 650 obeundo
436 632 499 650 varias
513 631 578 651 Italiae
592 638 616 650 ex
631 631 743 656 Apostoliea
752 632 868 650 auctoritate

195 662 288 681 lustrandi
302 662 406 684 dioeceses,
422 669 471 681 nunc
485 669 561 687 quoque
578 663 633 687 plane
648 663 769 687 perfecteque
788 669 868 687 respon-

195 693 230 712 des
244 694 263 712 in
278 694 300 712 iis
315 694 439 718 procurandis
449 694 577 719 regendisque
587 694 708 712 dioecesibus
717 700 766 718 quae
776 700 834 712 curae
845 700 867 712 ac

195 724 306 749 vigilantiae
320 729 364 743 tuae
378 725 499 744 concreditae
513 729 561 743 sunt.
581 725 633 743 Toto
652 725 702 743 enim
717 728 794 749 pectore
810 725 831 743 in
848 724 867 743 id

196 756 289 774 incumbis
303 760 324 774 ut
338 756 383 774 nihil
398 762 480 780 unquam
494 762 575 781 quaeras
593 762 650 780 quarn
666 756 718 780 quod
737 756 819 774 maxime
838 759 868 774 est

195 793 238 805 cum
253 787 328 805 Nostris
341 787 392 806 votis
406 788 533 806 coniunctum.
548 788 578 806 Ac
593 793 639 806 sane
654 787 702 805 inter
715 793 774 811 opera
787 787 868 805 feliciter

196 819 290 843 incoepta,
306 818 347 837 Nos
361 825 478 843 magnopere
492 819 599 843 ephebeum
614 818 675 837 maius
684 817 772 839 delectat,
783 824 794 836 a
803 822 823 836 te
834 818 868 836 Ur-

196 849 234 868 bini
249 849 358 871 excitatum,
375 849 406 868 ubi
421 856 516 868 sacrorum
531 849 607 871 alumni.
622 856 646 868 ex
660 849 728 868 iisdem
746 849 867 868 dioecesibus

196 880 319 901 confluentes,
334 881 401 899 altiora
415 881 478 899 studia
492 881 587 900 cumulate
601 881 701 900 absolvant
718 887 740 899 ac
758 881 867 899 sacerdotio

197 912 286 934 ineundo,
297 916 394 937 tamquam
402 913 420 931 in
429 913 561 937 praestantiori
569 913 670 937 palaestra,
679 919 700 931 se
708 912 809 937 perfectius
817 918 867 931 com-

196 947 269 968 parent.
285 943 342 967 Quod
358 950 411 968 opus,
426 943 484 962 veluti
498 943 548 961 haud
563 943 604 962 Nos
618 944 669 965 latet,
680 944 773 962 eiusmodi
787 950 837 965 esse,
848 943 866 961 in

196 981 235 999 quo
249 975 350 993 condendo
365 975 443 993 multum
458 975 492 993 suit
508 978 565 993 antea
582 975 717 996 insudandum.
736 981 758 993 ae
775 974 867 998 deinceps

197 1006 216 1025 in
231 1006 347 1030 perficiendo
362 1006 441 1025 multum
455 1006 513 1024 etiam
527 1012 584 1024 curae
598 1010 617 1024 et
631 1006 742 1031 diligentiae
755 1006 865 1030 requiratur,

197 1037 222 1056 ita
236 1037 346 1062 plenissime
356 1037 460 1056 laudamus.
472 1037 543 1055 Verum
553 1041 577 1058 te,
588 1041 722 1061 praeceptores
732 1037 867 1061 praesidesque

197 1068 300 1087 novensilis
314 1068 395 1093 ephebei
409 1069 507 1087 hortamur
521 1074 544 1087 ne
558 1074 593 1087 vos
608 1068 659 1093 ipsos
673 1075 752 1087 occursu
771 1068 867 1088 difficulta-

197 1104 237 1118 tum
251 1100 313 1125 frangi
327 1100 398 1122 sinatis,
409 1100 493 1124 Deipara
504 1100 583 1125 Virgine
592 1100 703 1124 opitulante.
718 1100 813 1119 Alumnos
822 1105 866 1119 vero

197 1132 228 1156 qui
244 1132 263 1150 in
278 1131 376 1150 Ecclesiae
390 1138 444 1156 spem
458 1135 600 1151 succrescentes
619 1132 712 1157 potiorem
727 1136 800 1156 partem
819 1131 866 1150 exci-
