<?xml version="1.0" encoding="UTF-8"?>
<!DOCTYPE html PUBLIC "-//W3C//DTD XHTML 1.0 Transitional//EN"
    "http://www.w3.org/TR/xhtml1/DTD/xhtml1-transitional.dtd">
<html xmlns="http://www.w3.org/1999/xhtml" xml:lang="en" lang="en">
 <head>
  <title>
</title>
<meta http-equiv="Content-Type" content="text/html;charset=utf-8" />
  <meta name='ocr-system' content='tesseract 3.04.00' />
  <meta name='ocr-capabilities' content='ocr_page ocr_carea ocr_par ocr_line ocrx_word'/>
</head>
<body>
  <div class='ocr_page' id='page_1' title='image "actasanctaesedi05unkngoog_0035.png"; bbox 0 0 915 1302; ppageno 0'>
   <div class='ocr_carea' id='block_1_1' title="bbox 169 57 667 77">
    <p class='ocr_par' dir='ltr' id='par_1_1' title="bbox 169 57 667 77">
     <span class='ocr_line' id='line_1_1' title="bbox 169 57 667 77; baseline 0 -5"><span class='ocrx_word' id='word_1_1' title='bbox 169 57 188 72; x_wconf 82' lang='lat'>30</span> <span class='ocrx_word' id='word_1_2' title='bbox 339 58 365 72; x_wconf 69' lang='lat' dir='ltr'>fir</span> <span class='ocrx_word' id='word_1_3' title='bbox 375 58 390 72; x_wconf 85' lang='lat' dir='ltr'>s.</span> <span class='ocrx_word' id='word_1_4' title='bbox 400 58 416 72; x_wconf 83' lang='lat' dir='ltr'>c.</span> <span class='ocrx_word' id='word_1_5' title='bbox 427 58 534 77; x_wconf 59' lang='lat' dir='ltr'>opiscoporum</span> <span class='ocrx_word' id='word_1_6' title='bbox 544 61 558 72; x_wconf 70' lang='grc' dir='ltr'>ιι</span> <span class='ocrx_word' id='word_1_7' title='bbox 569 58 667 77; x_wconf 75' lang='lat' dir='ltr'>Regularium</span> 
     </span>
    </p>
   </div>
   <div class='ocr_carea' id='block_1_2' title="bbox 179 84 838 89">
    <p class='ocr_par' dir='ltr' id='par_1_2' title="bbox 179 84 838 89">
     <span class='ocr_line' id='line_1_2' title="bbox 179 84 838 89; baseline 0 0"><span class='ocrx_word' id='word_1_8' title='bbox 179 84 838 89; x_wconf 95' lang='lat' dir='ltr'> </span> 
     </span>
    </p>
   </div>
   <div class='ocr_carea' id='block_1_3' title="bbox 168 111 843 1167">
    <p class='ocr_par' dir='ltr' id='par_1_3' title="bbox 168 111 842 574">
     <span class='ocr_line' id='line_1_3' title="bbox 168 111 839 137; baseline 0 -7"><span class='ocrx_word' id='word_1_9' title='bbox 168 111 208 130; x_wconf 83' lang='lat' dir='ltr'>siae</span> <span class='ocrx_word' id='word_1_10' title='bbox 215 112 340 137; x_wconf 79' lang='lat' dir='ltr'>concessione</span> <span class='ocrx_word' id='word_1_11' title='bbox 349 112 495 136; x_wconf 83' lang='lat' dir='ltr'>Augustinianis</span> <span class='ocrx_word' id='word_1_12' title='bbox 502 111 556 133; x_wconf 64' lang='lat' dir='ltr'>faeta.</span> <span class='ocrx_word' id='word_1_13' title='bbox 565 118 614 136; x_wconf 86' lang='lat' dir='ltr'>quae</span> <span class='ocrx_word' id='word_1_14' title='bbox 621 111 738 130; x_wconf 84' lang='lat' dir='ltr'>saecularem</span> <span class='ocrx_word' id='word_1_15' title='bbox 747 111 839 130; x_wconf 82' lang='lat' dir='ltr'>ecclesiae</span> 
     </span>
     <span class='ocr_line' id='line_1_4' title="bbox 169 142 842 167; baseline 0 -6"><span class='ocrx_word' id='word_1_16' title='bbox 169 146 255 161; x_wconf 89' lang='lat' dir='ltr'>naturam</span> <span class='ocrx_word' id='word_1_17' title='bbox 269 149 307 161; x_wconf 85' lang='lat' dir='ltr'>non</span> <span class='ocrx_word' id='word_1_18' title='bbox 322 143 414 162; x_wconf 82' lang='lat' dir='ltr'>immutat.</span> <span class='ocrx_word' id='word_1_19' title='bbox 429 143 527 167; x_wconf 80' lang='lat' dir='ltr'>Siquidem</span> <span class='ocrx_word' id='word_1_20' title='bbox 538 143 594 162; x_wconf 87' lang='lat' dir='ltr'>Card.</span> <span class='ocrx_word' id='word_1_21' title='bbox 611 143 641 162; x_wconf 89' lang='lat' dir='ltr'>De</span> <span class='ocrx_word' id='word_1_22' title='bbox 656 143 708 162; x_wconf 83' lang='lat' dir='ltr'>Luca</span> <span class='ocrx_word' id='word_1_23' title='bbox 722 142 802 166; x_wconf 61' lang='grc' dir='ltr'>(Λάκαι,</span> <span class='ocrx_word' id='word_1_24' title='bbox 814 143 842 161; x_wconf 79' lang='lat' dir='ltr'>ad</span> 
     </span>
     <span class='ocr_line' id='line_1_5' title="bbox 171 174 839 199; baseline 0.001 -7"><span class='ocrx_word' id='word_1_25' title='bbox 171 174 222 192; x_wconf 68' lang='grc' dir='ltr'><em>δοκι.</em></span> <span class='ocrx_word' id='word_1_26' title='bbox 242 174 262 192; x_wconf 85' lang='lat' dir='ltr'><em>T</em></span> <span class='ocrx_word' id='word_1_27' title='bbox 260 174 305 195; x_wconf 66' lang='lat' dir='ltr'>rid„</span> <span class='ocrx_word' id='word_1_28' title='bbox 319 174 363 192; x_wconf 78' lang='lat' dir='ltr'>disc.</span> <span class='ocrx_word' id='word_1_29' title='bbox 376 179 397 198; x_wconf 79' lang='lat'>5,</span> <span class='ocrx_word' id='word_1_30' title='bbox 411 180 429 192; x_wconf 77' lang='lat' dir='ltr'>n.</span> <span class='ocrx_word' id='word_1_31' title='bbox 443 176 476 198; x_wconf 66' lang='lat'>15)</span> <span class='ocrx_word' id='word_1_32' title='bbox 490 174 548 193; x_wconf 82' lang='lat' dir='ltr'>docet</span> <span class='ocrx_word' id='word_1_33' title='bbox 561 174 701 199; x_wconf 83' lang='lat' dir='ltr'>Episcoporum</span> <span class='ocrx_word' id='word_1_34' title='bbox 715 174 839 193; x_wconf 85' lang='lat' dir='ltr'>iurisdictioni</span> 
     </span>
     <span class='ocr_line' id='line_1_6' title="bbox 169 205 841 230; baseline 0.001 -7"><span class='ocrx_word' id='word_1_35' title='bbox 169 205 235 223; x_wconf 86' lang='lat' dir='ltr'>subiici</span> <span class='ocrx_word' id='word_1_36' title='bbox 245 205 345 224; x_wconf 82' lang='lat' dir='ltr'>ecclesiam</span> <span class='ocrx_word' id='word_1_37' title='bbox 355 205 478 226; x_wconf 81' lang='lat' dir='ltr'>saecularem,</span> <span class='ocrx_word' id='word_1_38' title='bbox 490 213 498 222; x_wconf 90' lang='lat'>‹</span> <span class='ocrx_word' id='word_1_39' title='bbox 508 205 540 224; x_wconf 90' lang='lat' dir='ltr'>ubi</span> <span class='ocrx_word' id='word_1_40' title='bbox 555 205 683 230; x_wconf 82' lang='lat' dir='ltr'>Regularibus</span> <span class='ocrx_word' id='word_1_41' title='bbox 692 205 785 224; x_wconf 80' lang='lat' dir='ltr'>ecclesiae</span> <span class='ocrx_word' id='word_1_42' title='bbox 799 211 841 230; x_wconf 86' lang='lat' dir='ltr'>pre-</span> 
     </span>
     <span class='ocr_line' id='line_1_7' title="bbox 169 236 840 258; baseline 0 -3"><span class='ocrx_word' id='word_1_43' title='bbox 169 236 231 255; x_wconf 79' lang='lat' dir='ltr'>carius</span> <span class='ocrx_word' id='word_1_44' title='bbox 248 242 294 255; x_wconf 81' lang='lat' dir='ltr'>usus</span> <span class='ocrx_word' id='word_1_45' title='bbox 310 240 384 255; x_wconf 84' lang='lat' dir='ltr'>tantum</span> <span class='ocrx_word' id='word_1_46' title='bbox 401 236 527 258; x_wconf 77' lang='lat' dir='ltr'>concedatur,</span> <span class='ocrx_word' id='word_1_47' title='bbox 543 241 563 255; x_wconf 87' lang='lat' dir='ltr'>ut</span> <span class='ocrx_word' id='word_1_48' title='bbox 579 237 644 255; x_wconf 83' lang='lat' dir='ltr'>divina</span> <span class='ocrx_word' id='word_1_49' title='bbox 662 237 688 255; x_wconf 92' lang='lat' dir='ltr'>ibi</span> <span class='ocrx_word' id='word_1_50' title='bbox 704 236 801 255; x_wconf 84' lang='lat' dir='ltr'>celebrare</span> <span class='ocrx_word' id='word_1_51' title='bbox 817 243 840 255; x_wconf 78' lang='lat' dir='ltr'>ae</span> 
     </span>
     <span class='ocr_line' id='line_1_8' title="bbox 169 268 840 293; baseline 0.003 -8"><span class='ocrx_word' id='word_1_52' title='bbox 169 273 262 292; x_wconf 76' lang='lat' dir='ltr'>peragere</span> <span class='ocrx_word' id='word_1_53' title='bbox 276 272 359 292; x_wconf 75' lang='lat' dir='ltr'>possent,</span> <span class='ocrx_word' id='word_1_54' title='bbox 375 274 412 286; x_wconf 88' lang='lat' dir='ltr'>non</span> <span class='ocrx_word' id='word_1_55' title='bbox 427 268 528 287; x_wconf 79' lang='lat' dir='ltr'>immutato</span> <span class='ocrx_word' id='word_1_56' title='bbox 542 272 592 287; x_wconf 82' lang='lat' dir='ltr'>statu</span> <span class='ocrx_word' id='word_1_57' title='bbox 607 268 704 290; x_wconf 71' lang='lat' dir='ltr'>ecclesiae,</span> <span class='ocrx_word' id='word_1_58' title='bbox 719 274 769 293; x_wconf 77' lang='lat' dir='ltr'>quae</span> <span class='ocrx_word' id='word_1_59' title='bbox 778 268 840 287; x_wconf 83' lang='lat' dir='ltr'>adhuc</span> 
     </span>
     <span class='ocr_line' id='line_1_9' title="bbox 168 299 839 322; baseline 0.003 -5"><span class='ocrx_word' id='word_1_60' title='bbox 168 303 267 317; x_wconf 86' lang='lat' dir='ltr'>remaneat</span> <span class='ocrx_word' id='word_1_61' title='bbox 280 299 383 318; x_wconf 79' lang='lat' dir='ltr'>saecularis</span> <span class='ocrx_word' id='word_1_62' title='bbox 393 306 411 318; x_wconf 80' lang='lat'>›.</span> <span class='ocrx_word' id='word_1_63' title='bbox 427 299 465 318; x_wconf 80' lang='lat' dir='ltr'>Csr.</span> <span class='ocrx_word' id='word_1_64' title='bbox 476 299 534 318; x_wconf 81' lang='lat' dir='ltr'>etiam</span> <span class='ocrx_word' id='word_1_65' title='bbox 549 299 599 318; x_wconf 86' lang='lat' dir='ltr'>idem</span> <span class='ocrx_word' id='word_1_66' title='bbox 613 304 680 318; x_wconf 79' lang='lat' dir='ltr'>auctor</span> <span class='ocrx_word' id='word_1_67' title='bbox 690 300 727 322; x_wconf 74' lang='lat' dir='ltr'>(Da</span> <span class='ocrx_word' id='word_1_68' title='bbox 737 300 839 320; x_wconf 62' lang='lat' dir='ltr'>iurn&#39;sdict„</span> 
     </span>
     <span class='ocr_line' id='line_1_10' title="bbox 168 330 840 356; baseline 0.001 -8"><span class='ocrx_word' id='word_1_69' title='bbox 168 330 214 348; x_wconf 77' lang='lat' dir='ltr'>disc.</span> <span class='ocrx_word' id='word_1_70' title='bbox 226 335 260 354; x_wconf 73' lang='lat' dir='ltr'>jo,</span> <span class='ocrx_word' id='word_1_71' title='bbox 274 337 292 348; x_wconf 83' lang='lat' dir='ltr'>n.</span> <span class='ocrx_word' id='word_1_72' title='bbox 306 332 335 354; x_wconf 73' lang='lat'>5).</span> <span class='ocrx_word' id='word_1_73' title='bbox 351 330 418 355; x_wconf 87' lang='lat' dir='ltr'>Neque</span> <span class='ocrx_word' id='word_1_74' title='bbox 432 335 499 349; x_wconf 86' lang='lat' dir='ltr'>contra</span> <span class='ocrx_word' id='word_1_75' title='bbox 514 330 647 356; x_wconf 68' lang='lat' dir='ltr'>oggeri&#39;valet</span> <span class='ocrx_word' id='word_1_76' title='bbox 656 331 744 350; x_wconf 82' lang='lat' dir='ltr'>executio</span> <span class='ocrx_word' id='word_1_77' title='bbox 754 331 840 356; x_wconf 80' lang='lat' dir='ltr'>rescripti</span> 
     </span>
     <span class='ocr_line' id='line_1_11' title="bbox 169 361 841 387; baseline 0.003 -8"><span class='ocrx_word' id='word_1_78' title='bbox 169 361 262 380; x_wconf 81' lang='lat' dir='ltr'>Pontifieii</span> <span class='ocrx_word' id='word_1_79' title='bbox 271 362 296 380; x_wconf 86' lang='lat' dir='ltr'>ab</span> <span class='ocrx_word' id='word_1_80' title='bbox 304 362 401 386; x_wconf 77' lang='lat' dir='ltr'>Episcopo</span> <span class='ocrx_word' id='word_1_81' title='bbox 409 362 463 384; x_wconf 77' lang='lat' dir='ltr'>sacta,</span> <span class='ocrx_word' id='word_1_82' title='bbox 472 368 516 381; x_wconf 78' lang='lat' dir='ltr'>nam</span> <span class='ocrx_word' id='word_1_83' title='bbox 523 362 595 381; x_wconf 82' lang='lat' dir='ltr'>ibidem</span> <span class='ocrx_word' id='word_1_84' title='bbox 605 368 643 381; x_wconf 93' lang='lat' dir='ltr'>non</span> <span class='ocrx_word' id='word_1_85' title='bbox 653 362 741 381; x_wconf 85' lang='lat' dir='ltr'>dicuntur</span> <span class='ocrx_word' id='word_1_86' title='bbox 750 366 841 387; x_wconf 63' lang='lat' dir='ltr'>exempla</span> 
     </span>
     <span class='ocr_line' id='line_1_12' title="bbox 169 393 841 418; baseline 0 -6"><span class='ocrx_word' id='word_1_87' title='bbox 169 393 305 412; x_wconf 80' lang='lat' dir='ltr'>monasterium</span> <span class='ocrx_word' id='word_1_88' title='bbox 319 397 339 412; x_wconf 90' lang='lat' dir='ltr'>et</span> <span class='ocrx_word' id='word_1_89' title='bbox 352 393 433 412; x_wconf 83' lang='lat' dir='ltr'>ecelesia</span> <span class='ocrx_word' id='word_1_90' title='bbox 447 393 467 413; x_wconf 91' lang='lat' dir='ltr'>S.</span> <span class='ocrx_word' id='word_1_91' title='bbox 477 393 580 415; x_wconf 82' lang='lat' dir='ltr'>Laurentii.</span> <span class='ocrx_word' id='word_1_92' title='bbox 594 393 628 412; x_wconf 80' lang='lat' dir='ltr'>sed</span> <span class='ocrx_word' id='word_1_93' title='bbox 638 394 738 412; x_wconf 76' lang='lat' dir='ltr'>dumtaxat</span> <span class='ocrx_word' id='word_1_94' title='bbox 749 394 841 418; x_wconf 81' lang='lat' dir='ltr'>Augusti-</span> 
     </span>
     <span class='ocr_line' id='line_1_13' title="bbox 169 425 841 450; baseline 0 -7"><span class='ocrx_word' id='word_1_95' title='bbox 169 425 271 443; x_wconf 89' lang='lat' dir='ltr'>nianenses</span> <span class='ocrx_word' id='word_1_96' title='bbox 285 425 304 443; x_wconf 92' lang='lat' dir='ltr'>in</span> <span class='ocrx_word' id='word_1_97' title='bbox 319 425 387 444; x_wconf 82' lang='lat' dir='ltr'>iisdem</span> <span class='ocrx_word' id='word_1_98' title='bbox 401 429 494 446; x_wconf 73' lang='lat' dir='ltr'>extantes.</span> <span class='ocrx_word' id='word_1_99' title='bbox 512 425 625 446; x_wconf 77' lang='lat' dir='ltr'>Caeterum,</span> <span class='ocrx_word' id='word_1_100' title='bbox 640 425 714 444; x_wconf 83' lang='lat' dir='ltr'>etiamsi</span> <span class='ocrx_word' id='word_1_101' title='bbox 732 425 841 450; x_wconf 82' lang='lat' dir='ltr'>Episcopus</span> 
     </span>
     <span class='ocr_line' id='line_1_14' title="bbox 169 455 839 481; baseline 0.001 -7"><span class='ocrx_word' id='word_1_102' title='bbox 169 455 269 474; x_wconf 84' lang='lat' dir='ltr'>Basilicam</span> <span class='ocrx_word' id='word_1_103' title='bbox 284 456 387 475; x_wconf 82' lang='lat' dir='ltr'>Escurialis</span> <span class='ocrx_word' id='word_1_104' title='bbox 401 460 510 480; x_wconf 84' lang='lat' dir='ltr'>exemptam</span> <span class='ocrx_word' id='word_1_105' title='bbox 524 456 649 477; x_wconf 81' lang='lat' dir='ltr'>declarasset,</span> <span class='ocrx_word' id='word_1_106' title='bbox 670 456 744 475; x_wconf 83' lang='lat' dir='ltr'>nulliter</span> <span class='ocrx_word' id='word_1_107' title='bbox 761 456 839 481; x_wconf 79' lang='lat' dir='ltr'>egisset.</span> 
     </span>
     <span class='ocr_line' id='line_1_15' title="bbox 169 487 841 512; baseline 0 -6"><span class='ocrx_word' id='word_1_108' title='bbox 169 488 209 506; x_wconf 86' lang='lat' dir='ltr'>sive</span> <span class='ocrx_word' id='word_1_109' title='bbox 223 488 268 512; x_wconf 84' lang='lat' dir='ltr'>quia</span> <span class='ocrx_word' id='word_1_110' title='bbox 282 488 323 512; x_wconf 87' lang='lat' dir='ltr'>ipse</span> <span class='ocrx_word' id='word_1_111' title='bbox 338 494 401 506; x_wconf 83' lang='lat' dir='ltr'>merus</span> <span class='ocrx_word' id='word_1_112' title='bbox 415 488 501 512; x_wconf 69' lang='lat' dir='ltr'>rescripti</span> <span class='ocrx_word' id='word_1_113' title='bbox 511 492 602 506; x_wconf 78' lang='lat' dir='ltr'>executor</span> <span class='ocrx_word' id='word_1_114' title='bbox 611 488 679 509; x_wconf 79' lang='lat' dir='ltr'>extitit.</span> <span class='ocrx_word' id='word_1_115' title='bbox 690 488 730 506; x_wconf 89' lang='lat' dir='ltr'>sive</span> <span class='ocrx_word' id='word_1_116' title='bbox 740 488 784 512; x_wconf 84' lang='lat' dir='ltr'>quia</span> <span class='ocrx_word' id='word_1_117' title='bbox 793 487 841 506; x_wconf 59' lang='lat' dir='ltr'>sole</span> 
     </span>
     <span class='ocr_line' id='line_1_16' title="bbox 170 518 841 543; baseline 0 -6"><span class='ocrx_word' id='word_1_118' title='bbox 170 518 259 537; x_wconf 72' lang='lat' dir='ltr'>:unitates</span> <span class='ocrx_word' id='word_1_119' title='bbox 272 525 284 537; x_wconf 81' lang='lat' dir='ltr'>a</span> <span class='ocrx_word' id='word_1_120' title='bbox 298 519 338 537; x_wconf 87' lang='lat' dir='ltr'>iure</span> <span class='ocrx_word' id='word_1_121' title='bbox 352 519 453 543; x_wconf 79' lang='lat' dir='ltr'>requisitas</span> <span class='ocrx_word' id='word_1_122' title='bbox 468 525 506 537; x_wconf 84' lang='lat' dir='ltr'>non</span> <span class='ocrx_word' id='word_1_123' title='bbox 521 519 642 540; x_wconf 84' lang='lat' dir='ltr'>observavit,</span> <span class='ocrx_word' id='word_1_124' title='bbox 657 525 715 543; x_wconf 89' lang='lat' dir='ltr'>quum</span> <span class='ocrx_word' id='word_1_125' title='bbox 736 525 841 537; x_wconf 77' lang='lat' dir='ltr'>consensus</span> 
     </span>
     <span class='ocr_line' id='line_1_17' title="bbox 169 549 839 574; baseline 0 -6"><span class='ocrx_word' id='word_1_126' title='bbox 169 549 246 574; x_wconf 88' lang='lat' dir='ltr'>capituli</span> <span class='ocrx_word' id='word_1_127' title='bbox 256 550 370 569; x_wconf 72' lang='lat' dir='ltr'>cathedralis</span> <span class='ocrx_word' id='word_1_128' title='bbox 380 555 399 569; x_wconf 91' lang='lat' dir='ltr'>et</span> <span class='ocrx_word' id='word_1_129' title='bbox 409 550 520 574; x_wconf 86' lang='lat' dir='ltr'>praesertim</span> <span class='ocrx_word' id='word_1_130' title='bbox 530 550 644 574; x_wconf 81' lang='lat' dir='ltr'>approbatio</span> <span class='ocrx_word' id='word_1_131' title='bbox 654 550 672 568; x_wconf 84' lang='lat' dir='ltr'>S.</span> <span class='ocrx_word' id='word_1_132' title='bbox 681 550 737 569; x_wconf 83' lang='lat' dir='ltr'>Sedis</span> <span class='ocrx_word' id='word_1_133' title='bbox 744 550 839 569; x_wconf 75' lang='lat' dir='ltr'>deessent.</span> 
     </span>
    </p>

    <p class='ocr_par' dir='ltr' id='par_1_4' title="bbox 169 581 843 1012">
     <span class='ocr_line' id='line_1_18' title="bbox 210 581 841 606; baseline -0.002 -6"><span class='ocrx_word' id='word_1_134' title='bbox 210 581 293 600; x_wconf 86' lang='lat' dir='ltr'>Demum</span> <span class='ocrx_word' id='word_1_135' title='bbox 308 581 412 600; x_wconf 81' lang='lat' dir='ltr'>advocatus</span> <span class='ocrx_word' id='word_1_136' title='bbox 428 581 527 600; x_wconf 83' lang='lat' dir='ltr'>contendit</span> <span class='ocrx_word' id='word_1_137' title='bbox 541 581 659 606; x_wconf 73' lang='lat' dir='ltr'>Episcopum</span> <span class='ocrx_word' id='word_1_138' title='bbox 673 582 811 602; x_wconf 80' lang='lat' dir='ltr'>Matritensem.</span> <span class='ocrx_word' id='word_1_139' title='bbox 825 581 841 599; x_wconf 82' lang='lat' dir='ltr'>si</span> 
     </span>
     <span class='ocr_line' id='line_1_19' title="bbox 170 612 842 637; baseline 0 -6"><span class='ocrx_word' id='word_1_140' title='bbox 170 619 208 632; x_wconf 86' lang='lat' dir='ltr'>non</span> <span class='ocrx_word' id='word_1_141' title='bbox 222 613 263 632; x_wconf 88' lang='lat' dir='ltr'>iure</span> <span class='ocrx_word' id='word_1_142' title='bbox 278 613 380 634; x_wconf 85' lang='lat' dir='ltr'>ordinario,</span> <span class='ocrx_word' id='word_1_143' title='bbox 391 613 458 632; x_wconf 85' lang='lat' dir='ltr'>saltem</span> <span class='ocrx_word' id='word_1_144' title='bbox 473 617 571 637; x_wconf 87' lang='lat' dir='ltr'>tamquam</span> <span class='ocrx_word' id='word_1_145' title='bbox 581 612 690 637; x_wconf 85' lang='lat' dir='ltr'>delegatum</span> <span class='ocrx_word' id='word_1_146' title='bbox 700 613 719 632; x_wconf 82' lang='lat' dir='ltr'>S.</span> <span class='ocrx_word' id='word_1_147' title='bbox 731 613 786 631; x_wconf 86' lang='lat' dir='ltr'>Sedis</span> <span class='ocrx_word' id='word_1_148' title='bbox 796 613 842 631; x_wconf 92' lang='lat' dir='ltr'>invi-</span> 
     </span>
     <span class='ocr_line' id='line_1_20' title="bbox 170 643 840 668; baseline -0.001 -5"><span class='ocrx_word' id='word_1_149' title='bbox 170 650 211 663; x_wconf 83' lang='lat' dir='ltr'>sere</span> <span class='ocrx_word' id='word_1_150' title='bbox 231 650 289 668; x_wconf 86' lang='lat' dir='ltr'>posse</span> <span class='ocrx_word' id='word_1_151' title='bbox 310 644 410 663; x_wconf 75' lang='lat' dir='ltr'>Basilicam</span> <span class='ocrx_word' id='word_1_152' title='bbox 427 644 540 665; x_wconf 85' lang='lat' dir='ltr'>Escurialis,</span> <span class='ocrx_word' id='word_1_153' title='bbox 555 644 579 662; x_wconf 92' lang='lat' dir='ltr'>ad</span> <span class='ocrx_word' id='word_1_154' title='bbox 600 644 695 663; x_wconf 80' lang='lat' dir='ltr'>tramitem</span> <span class='ocrx_word' id='word_1_155' title='bbox 712 643 771 663; x_wconf 82' lang='lat' dir='ltr'>Cone.</span> <span class='ocrx_word' id='word_1_156' title='bbox 787 643 840 663; x_wconf 86' lang='lat' dir='ltr'>Trid.</span> 
     </span>
     <span class='ocr_line' id='line_1_21' title="bbox 171 675 841 700; baseline -0.001 -6"><span class='ocrx_word' id='word_1_157' title='bbox 171 677 220 699; x_wconf 70' lang='lat' dir='ltr'>(saess.</span> <span class='ocrx_word' id='word_1_158' title='bbox 237 681 255 700; x_wconf 87' lang='lat'>7,</span> <span class='ocrx_word' id='word_1_159' title='bbox 273 678 312 700; x_wconf 77' lang='lat' dir='ltr'>cap.</span> <span class='ocrx_word' id='word_1_160' title='bbox 327 675 341 694; x_wconf 80' lang='lat'><em>8</em></span> <span class='ocrx_word' id='word_1_161' title='bbox 353 676 375 694; x_wconf 77' lang='lat' dir='ltr'>de</span> <span class='ocrx_word' id='word_1_162' title='bbox 389 675 482 699; x_wconf 75' lang='lat' dir='ltr'>Reform.)</span> <span class='ocrx_word' id='word_1_163' title='bbox 496 675 642 700; x_wconf 83' lang='lat' dir='ltr'>praescribentis</span> <span class='ocrx_word' id='word_1_164' title='bbox 656 675 707 700; x_wconf 89' lang='lat' dir='ltr'>quod</span> <span class='ocrx_word' id='word_1_165' title='bbox 737 675 841 694; x_wconf 75' lang='lat' dir='ltr'>«locorum</span> 
     </span>
     <span class='ocr_line' id='line_1_22' title="bbox 170 706 842 731; baseline 0 -6"><span class='ocrx_word' id='word_1_166' title='bbox 170 707 266 726; x_wconf 87' lang='lat' dir='ltr'>Ordinarii</span> <span class='ocrx_word' id='word_1_167' title='bbox 280 707 372 726; x_wconf 86' lang='lat' dir='ltr'>eeclesias</span> <span class='ocrx_word' id='word_1_168' title='bbox 385 713 516 731; x_wconf 79' lang='lat' dir='ltr'>quascumque</span> <span class='ocrx_word' id='word_1_169' title='bbox 530 706 674 731; x_wconf 83' lang='lat' dir='ltr'>quomodolibet</span> <span class='ocrx_word' id='word_1_170' title='bbox 693 711 793 731; x_wconf 84' lang='lat' dir='ltr'>exemptas</span> <span class='ocrx_word' id='word_1_171' title='bbox 811 713 842 725; x_wconf 85' lang='lat' dir='ltr'>au-</span> 
     </span>
     <span class='ocr_line' id='line_1_23' title="bbox 170 737 841 763; baseline -0.001 -6"><span class='ocrx_word' id='word_1_172' title='bbox 170 738 257 757; x_wconf 81' lang='lat' dir='ltr'>ctoritate</span> <span class='ocrx_word' id='word_1_173' title='bbox 271 738 384 762; x_wconf 84' lang='lat' dir='ltr'>Apostolica</span> <span class='ocrx_word' id='word_1_174' title='bbox 398 737 478 763; x_wconf 85' lang='lat' dir='ltr'>singulis</span> <span class='ocrx_word' id='word_1_175' title='bbox 492 738 547 756; x_wconf 89' lang='lat' dir='ltr'>annis</span> <span class='ocrx_word' id='word_1_176' title='bbox 561 738 637 756; x_wconf 88' lang='lat' dir='ltr'>visitare</span> <span class='ocrx_word' id='word_1_177' title='bbox 652 742 779 758; x_wconf 80' lang='lat' dir='ltr'>teneantur».</span> <span class='ocrx_word' id='word_1_178' title='bbox 799 738 841 757; x_wconf 84' lang='lat' dir='ltr'>Hoc</span> 
     </span>
     <span class='ocr_line' id='line_1_24' title="bbox 170 769 841 794; baseline -0.001 -6"><span class='ocrx_word' id='word_1_179' title='bbox 170 773 233 788; x_wconf 79' lang='lat' dir='ltr'>autem</span> <span class='ocrx_word' id='word_1_180' title='bbox 243 770 330 794; x_wconf 90' lang='lat' dir='ltr'>quamvis</span> <span class='ocrx_word' id='word_1_181' title='bbox 339 769 424 788; x_wconf 87' lang='lat' dir='ltr'>ecclesiis</span> <span class='ocrx_word' id='word_1_182' title='bbox 432 769 561 788; x_wconf 83' lang='lat' dir='ltr'>saecularibus</span> <span class='ocrx_word' id='word_1_183' title='bbox 570 770 665 794; x_wconf 84' lang='lat' dir='ltr'>exemptis</span> <span class='ocrx_word' id='word_1_184' title='bbox 672 769 768 790; x_wconf 80' lang='lat' dir='ltr'>reseratur.</span> <span class='ocrx_word' id='word_1_185' title='bbox 777 773 841 788; x_wconf 87' lang='lat' dir='ltr'>tamen</span> 
     </span>
     <span class='ocr_line' id='line_1_25' title="bbox 170 800 842 825; baseline 0 -6"><span class='ocrx_word' id='word_1_186' title='bbox 170 801 227 820; x_wconf 88' lang='lat' dir='ltr'>etiam</span> <span class='ocrx_word' id='word_1_187' title='bbox 241 801 265 819; x_wconf 86' lang='lat' dir='ltr'>ad</span> <span class='ocrx_word' id='word_1_188' title='bbox 279 801 370 820; x_wconf 78' lang='lat' dir='ltr'>ecclesias</span> <span class='ocrx_word' id='word_1_189' title='bbox 384 800 491 819; x_wconf 81' lang='lat' dir='ltr'>saeculares</span> <span class='ocrx_word' id='word_1_190' title='bbox 506 800 633 825; x_wconf 84' lang='lat' dir='ltr'>Regularibus</span> <span class='ocrx_word' id='word_1_191' title='bbox 645 807 747 819; x_wconf 77' lang='lat' dir='ltr'>concessas</span> <span class='ocrx_word' id='word_1_192' title='bbox 757 801 842 819; x_wconf 84' lang='lat' dir='ltr'>extendi-</span> 
     </span>
     <span class='ocr_line' id='line_1_26' title="bbox 169 832 842 857; baseline -0.001 -6"><span class='ocrx_word' id='word_1_193' title='bbox 169 836 204 851; x_wconf 86' lang='lat' dir='ltr'>tur.</span> <span class='ocrx_word' id='word_1_194' title='bbox 221 833 249 851; x_wconf 83' lang='lat' dir='ltr'>lta</span> <span class='ocrx_word' id='word_1_195' title='bbox 263 833 304 851; x_wconf 83' lang='lat' dir='ltr'>Piat</span> <span class='ocrx_word' id='word_1_196' title='bbox 314 832 386 855; x_wconf 68' lang='lat' dir='ltr'>(Praal.</span> <span class='ocrx_word' id='word_1_197' title='bbox 397 832 448 850; x_wconf 78' lang='lat' dir='ltr'>iuris</span> <span class='ocrx_word' id='word_1_198' title='bbox 457 832 533 856; x_wconf 70' lang='lat' dir='ltr'>Ragul„</span> <span class='ocrx_word' id='word_1_199' title='bbox 544 832 579 851; x_wconf 81' lang='lat' dir='ltr'>vol.</span> <span class='ocrx_word' id='word_1_200' title='bbox 589 837 607 853; x_wconf 76' lang='lat'>2,</span> <span class='ocrx_word' id='word_1_201' title='bbox 613 834 660 856; x_wconf 73' lang='lat' dir='ltr'>pag,</span> <span class='ocrx_word' id='word_1_202' title='bbox 668 832 704 857; x_wconf 71' lang='lat'>50)</span> <span class='ocrx_word' id='word_1_203' title='bbox 719 832 777 851; x_wconf 82' lang='lat' dir='ltr'>docet</span> <span class='ocrx_word' id='word_1_204' title='bbox 790 832 842 856; x_wconf 89' lang='lat' dir='ltr'>quod</span> 
     </span>
     <span class='ocr_line' id='line_1_27' title="bbox 170 862 842 888; baseline -0.001 -6"><span class='ocrx_word' id='word_1_205' title='bbox 170 863 277 888; x_wconf 79' lang='lat' dir='ltr'>Regulares</span> <span class='ocrx_word' id='word_1_206' title='bbox 286 863 392 882; x_wconf 86' lang='lat' dir='ltr'>subduntur</span> <span class='ocrx_word' id='word_1_207' title='bbox 402 863 503 887; x_wconf 72' lang='lat' dir='ltr'>Episcopis</span> <span class='ocrx_word' id='word_1_208' title='bbox 521 870 530 881; x_wconf 74' lang='grc' dir='ltr'>ι</span> <span class='ocrx_word' id='word_1_209' title='bbox 539 863 602 887; x_wconf 83' lang='lat' dir='ltr'>quoad</span> <span class='ocrx_word' id='word_1_210' title='bbox 612 863 745 885; x_wconf 23' lang='lat' dir='ltr'>*visitationem</span> <span class='ocrx_word' id='word_1_211' title='bbox 754 862 842 881; x_wconf 81' lang='lat' dir='ltr'>ecclcsia-</span> 
     </span>
     <span class='ocr_line' id='line_1_28' title="bbox 170 894 843 919; baseline -0.001 -6"><span class='ocrx_word' id='word_1_212' title='bbox 170 901 211 913; x_wconf 91' lang='lat' dir='ltr'>rurn</span> <span class='ocrx_word' id='word_1_213' title='bbox 226 894 351 913; x_wconf 82' lang='lat' dir='ltr'>saecularium</span> <span class='ocrx_word' id='word_1_214' title='bbox 367 895 392 913; x_wconf 85' lang='lat' dir='ltr'>ad</span> <span class='ocrx_word' id='word_1_215' title='bbox 407 894 513 919; x_wconf 80' lang='lat' dir='ltr'>Regulares</span> <span class='ocrx_word' id='word_1_216' title='bbox 531 894 665 918; x_wconf 87' lang='lat' dir='ltr'>pertinentium</span> <span class='ocrx_word' id='word_1_217' title='bbox 674 901 692 912; x_wconf 63' lang='grc' dir='ltr'>ν.</span> <span class='ocrx_word' id='word_1_218' title='bbox 715 894 767 912; x_wconf 87' lang='lat' dir='ltr'>Idem</span> <span class='ocrx_word' id='word_1_219' title='bbox 782 894 843 912; x_wconf 85' lang='lat' dir='ltr'>tenuit</span> 
     </span>
     <span class='ocr_line' id='line_1_29' title="bbox 170 925 842 949; baseline -0.001 -5"><span class='ocrx_word' id='word_1_220' title='bbox 170 926 190 945; x_wconf 89' lang='lat' dir='ltr'>S.</span> <span class='ocrx_word' id='word_1_221' title='bbox 200 926 223 945; x_wconf 90' lang='lat' dir='ltr'>C.</span> <span class='ocrx_word' id='word_1_222' title='bbox 234 926 314 944; x_wconf 83' lang='lat' dir='ltr'>Concilii</span> <span class='ocrx_word' id='word_1_223' title='bbox 329 926 347 944; x_wconf 91' lang='lat' dir='ltr'>in</span> <span class='ocrx_word' id='word_1_224' title='bbox 362 926 465 945; x_wconf 76' lang='lat' dir='ltr'>Bonanisn.</span> <span class='ocrx_word' id='word_1_225' title='bbox 478 931 525 949; x_wconf 82' lang='lat'><em>1721</em></span> <span class='ocrx_word' id='word_1_226' title='bbox 538 925 652 944; x_wconf 82' lang='lat' dir='ltr'>rescribens:</span> <span class='ocrx_word' id='word_1_227' title='bbox 671 933 680 943; x_wconf 68' lang='grc' dir='ltr'>ι</span> <span class='ocrx_word' id='word_1_228' title='bbox 690 925 796 945; x_wconf 80' lang='lat' dir='ltr'>Ecclesiae.</span> <span class='ocrx_word' id='word_1_229' title='bbox 805 925 842 943; x_wconf 85' lang='lat' dir='ltr'>col-</span> 
     </span>
     <span class='ocr_line' id='line_1_30' title="bbox 170 955 842 981; baseline -0.001 -7"><span class='ocrx_word' id='word_1_230' title='bbox 170 956 222 981; x_wconf 86' lang='lat' dir='ltr'>legio</span> <span class='ocrx_word' id='word_1_231' title='bbox 235 955 266 974; x_wconf 88' lang='lat' dir='ltr'>vel</span> <span class='ocrx_word' id='word_1_232' title='bbox 281 956 396 974; x_wconf 82' lang='lat' dir='ltr'>monasterio</span> <span class='ocrx_word' id='word_1_233' title='bbox 410 960 502 981; x_wconf 81' lang='lat' dir='ltr'>exempto</span> <span class='ocrx_word' id='word_1_234' title='bbox 516 956 585 977; x_wconf 86' lang='lat' dir='ltr'>unitae,</span> <span class='ocrx_word' id='word_1_235' title='bbox 598 956 622 974; x_wconf 88' lang='lat' dir='ltr'>ab</span> <span class='ocrx_word' id='word_1_236' title='bbox 637 955 745 976; x_wconf 78' lang='lat' dir='ltr'>Ordinario.</span> <span class='ocrx_word' id='word_1_237' title='bbox 756 955 842 980; x_wconf 84' lang='lat' dir='ltr'>quamvis</span> 
     </span>
     <span class='ocr_line' id='line_1_31' title="bbox 170 987 702 1012; baseline -0.002 -6"><span class='ocrx_word' id='word_1_238' title='bbox 170 994 234 1006; x_wconf 82' lang='lat' dir='ltr'>curam</span> <span class='ocrx_word' id='word_1_239' title='bbox 250 993 287 1006; x_wconf 90' lang='lat' dir='ltr'>non</span> <span class='ocrx_word' id='word_1_240' title='bbox 302 987 410 1008; x_wconf 58' lang='lat' dir='ltr'>habeant...</span> <span class='ocrx_word' id='word_1_241' title='bbox 426 987 466 1005; x_wconf 90' lang='lat' dir='ltr'>iure</span> <span class='ocrx_word' id='word_1_242' title='bbox 476 987 566 1012; x_wconf 82' lang='lat' dir='ltr'>delegato</span> <span class='ocrx_word' id='word_1_243' title='bbox 575 987 675 1005; x_wconf 84' lang='lat' dir='ltr'>visitantur</span> <span class='ocrx_word' id='word_1_244' title='bbox 684 994 702 1005; x_wconf 70' lang='grc' dir='ltr'>ι.</span> 
     </span>
    </p>

    <p class='ocr_par' dir='ltr' id='par_1_5' title="bbox 170 1018 843 1167">
     <span class='ocr_line' id='line_1_32' title="bbox 210 1018 842 1043; baseline -0.003 -5"><span class='ocrx_word' id='word_1_245' title='bbox 210 1019 253 1039; x_wconf 81' lang='lat' dir='ltr'>Pro</span> <span class='ocrx_word' id='word_1_246' title='bbox 268 1018 420 1043; x_wconf 76' lang='lat' dir='ltr'>exemptione.</span> <span class='ocrx_word' id='word_1_247' title='bbox 439 1018 470 1037; x_wconf 86' lang='lat' dir='ltr'>Ex</span> <span class='ocrx_word' id='word_1_248' title='bbox 484 1018 565 1037; x_wconf 81' lang='lat' dir='ltr'>adverso</span> <span class='ocrx_word' id='word_1_249' title='bbox 580 1022 672 1042; x_wconf 83' lang='lat' dir='ltr'>patronus</span> <span class='ocrx_word' id='word_1_250' title='bbox 681 1018 842 1043; x_wconf 81' lang='lat' dir='ltr'>Augustinianen-</span> 
     </span>
     <span class='ocr_line' id='line_1_33' title="bbox 170 1048 843 1073; baseline -0.001 -6"><span class='ocrx_word' id='word_1_251' title='bbox 170 1049 219 1068; x_wconf 83' lang='lat' dir='ltr'>sium</span> <span class='ocrx_word' id='word_1_252' title='bbox 233 1053 297 1067; x_wconf 85' lang='lat' dir='ltr'>tuetur</span> <span class='ocrx_word' id='word_1_253' title='bbox 311 1048 387 1073; x_wconf 76' lang='lat' dir='ltr'>plenam</span> <span class='ocrx_word' id='word_1_254' title='bbox 401 1048 544 1073; x_wconf 84' lang='lat' dir='ltr'>exemptionem</span> <span class='ocrx_word' id='word_1_255' title='bbox 562 1048 656 1067; x_wconf 81' lang='lat' dir='ltr'>ecclesiae</span> <span class='ocrx_word' id='word_1_256' title='bbox 673 1048 782 1067; x_wconf 78' lang='lat' dir='ltr'>Escurialis.</span> <span class='ocrx_word' id='word_1_257' title='bbox 804 1048 843 1066; x_wconf 90' lang='lat' dir='ltr'>Me-</span> 
     </span>
     <span class='ocr_line' id='line_1_34' title="bbox 170 1079 842 1104; baseline -0.003 -5"><span class='ocrx_word' id='word_1_258' title='bbox 170 1084 233 1099; x_wconf 80' lang='lat' dir='ltr'>morat</span> <span class='ocrx_word' id='word_1_259' title='bbox 246 1080 297 1099; x_wconf 75' lang='lat' dir='ltr'>enim</span> <span class='ocrx_word' id='word_1_260' title='bbox 311 1080 407 1099; x_wconf 83' lang='lat' dir='ltr'>notorium</span> <span class='ocrx_word' id='word_1_261' title='bbox 420 1086 464 1098; x_wconf 84' lang='lat' dir='ltr'>esse</span> <span class='ocrx_word' id='word_1_262' title='bbox 478 1080 497 1098; x_wconf 86' lang='lat' dir='ltr'>in</span> <span class='ocrx_word' id='word_1_263' title='bbox 511 1080 551 1098; x_wconf 91' lang='lat' dir='ltr'>iure</span> <span class='ocrx_word' id='word_1_264' title='bbox 565 1079 657 1098; x_wconf 79' lang='lat' dir='ltr'>ecclesias</span> <span class='ocrx_word' id='word_1_265' title='bbox 671 1079 794 1104; x_wconf 75' lang='lat' dir='ltr'>Regularium</span> <span class='ocrx_word' id='word_1_266' title='bbox 805 1085 842 1097; x_wconf 90' lang='lat' dir='ltr'>non</span> 
     </span>
     <span class='ocr_line' id='line_1_35' title="bbox 170 1110 842 1136; baseline -0.003 -6"><span class='ocrx_word' id='word_1_267' title='bbox 170 1111 287 1136; x_wconf 82' lang='lat' dir='ltr'>paroeciales</span> <span class='ocrx_word' id='word_1_268' title='bbox 301 1117 379 1135; x_wconf 81' lang='lat' dir='ltr'>prorsus</span> <span class='ocrx_word' id='word_1_269' title='bbox 395 1115 496 1135; x_wconf 78' lang='lat' dir='ltr'>exemptas</span> <span class='ocrx_word' id='word_1_270' title='bbox 514 1116 557 1129; x_wconf 76' lang='lat' dir='ltr'>esse</span> <span class='ocrx_word' id='word_1_271' title='bbox 576 1111 601 1129; x_wconf 83' lang='lat' dir='ltr'>ab</span> <span class='ocrx_word' id='word_1_272' title='bbox 620 1110 716 1129; x_wconf 84' lang='lat' dir='ltr'>Ordinarii</span> <span class='ocrx_word' id='word_1_273' title='bbox 734 1110 842 1129; x_wconf 81' lang='lat' dir='ltr'>dioecesani</span> 
     </span>
     <span class='ocr_line' id='line_1_36' title="bbox 170 1141 843 1167; baseline -0.001 -6"><span class='ocrx_word' id='word_1_274' title='bbox 170 1142 305 1161; x_wconf 73' lang='lat' dir='ltr'>iurisdictione.</span> <span class='ocrx_word' id='word_1_275' title='bbox 316 1142 415 1167; x_wconf 84' lang='lat' dir='ltr'>Siquidem</span> <span class='ocrx_word' id='word_1_276' title='bbox 425 1142 547 1161; x_wconf 83' lang='lat' dir='ltr'>Conc.-Trid.</span> <span class='ocrx_word' id='word_1_277' title='bbox 564 1142 621 1165; x_wconf 75' lang='lat' dir='ltr'>(Sess.</span> <span class='ocrx_word' id='word_1_278' title='bbox 631 1147 665 1166; x_wconf 78' lang='lat'>25,</span> <span class='ocrx_word' id='word_1_279' title='bbox 681 1144 720 1166; x_wconf 81' lang='lat' dir='ltr'>cap.</span> <span class='ocrx_word' id='word_1_280' title='bbox 732 1147 758 1160; x_wconf 76' lang='lat'>20</span> <span class='ocrx_word' id='word_1_281' title='bbox 772 1142 794 1160; x_wconf 71' lang='lat' dir='ltr'>de</span> <span class='ocrx_word' id='word_1_282' title='bbox 808 1141 843 1160; x_wconf 74' lang='lat' dir='ltr'>Re-</span> 
     </span>
    </p>
   </div>
  </div>
 </body>
</html>
