915 1302
171 78 189 96 34
380 78 406 92 Ex
416 78 431 92 S.
441 78 560 98 Congregatmne
570 77 631 92 Comini

169 132 260 152 sionibus.
276 136 295 150 et
309 132 334 150 ‘ex
348 132 408 150 altera
421 137 467 150 vero
481 135 536 155 parte
549 130 631 149 Basilica
647 130 666 150 S.
678 130 774 148 Laurentii
792 130 842 148 inter

169 163 259 182 ecclesiae
273 163 391 187 paroeciales
405 169 443 181 non
462 166 593 183 recenseatur,
614 161 736 186 consequitur
754 161 842 179 eamdem

170 194 269 212 Basilicam
285 194 355 212 nedum
369 198 478 218 exemptam
493 199 535 212 esse
545 192 579 211 sed
589 193 646 211 etiam
657 193 681 211 ab
689 192 788 217 Episcopo
802 192 843 210 Ma-

170 225 242 244 tritensi
257 225 332 244 inviseri
348 232 386 244 non
401 231 463 249 posse.

261 308 311 357 vEX
327 329 351 357 S.
363 328 601 357 CONGREGATIONE
618 328 738 356 CONClLlI
756 345 758 347 -

495 371 574 384 2<—

431 412 586 431 BISINIANEN.

322 454 477 475 msrmssnxoms
492 455 515 467 AB
529 454 695 467 lausonam-rama

171 498 300 519 Dispensatur
311 502 354 515 cum
366 498 484 514 subdiacono
495 497 535 515 lam
544 498 647 518 epileptico
655 498 676 514 ut
684 498 710 514 nd
718 498 842 516 diaconatum

210 525 287 542 tantum
298 525 410 545 promoveri
421 524 492 545 possit.

212 571 373 596 Factispecies.
395 571 528 590 Subdiaconus
542 571 640 590 Marianus
654 572 706 590 Rose
720 572 738 590 in
752 572 802 591 votis
811 572 842 591 ha—

171 603 204 621 bet
218 609 239 621 se
253 602 277 621 ad
291 602 399 627 superiores
414 602 497 621 Ordines
507 603 629 627 promoveri:
649 603 683 622 sed
702 603 766 622 obstat
784 603 841 628 quod,

171 637 251 658 accepto
265 633 409 654 subdiaconatu,
429 637 548 658 compertum
566 637 596 652 est
612 634 673 658 ipsum
692 634 794 659 aliquando
813 641 842 653 co«

172 664 238 683 mitiali
253 665 319 683 morbo
333 664 390 683 fuisse
404 665 513 683 obnoxium.
530 665 595 688 Quare
610 665 716 689 Episcopus
730 665 784 684 initio
797 665 842 684 anni

175 702 223 720 1905
240 695 345 720 supplicem
359 695 442 714 libellum
457 696 481 714 ad
496 696 515 714 S.
526 696 547 714 C.
564 696 644 714 Concilii
659 696 727 715 obtulit
742 702 776 720 pro
789 703 843 722 sana-V

172 728 224 746 tione
233 727 296 751 quoad
307 727 344 745 iam
354 726 434 745 collatos
444 727 527 745 Ordines
536 731 556 745 et
566 733 601 751 pro
615 727 758 751 dispensatione
772 728 796 745 ab
811 728 843 746 hu-

172 759 254 777 iusmodi
269 758 344 776 defectu
358 758 380 776 in'
392 758 480 777 futurum.

213 790 301 814 Rogatus
315 789 423 813 Episcopus
437 793 458 807 ut
472 789 539 807 clarius
553 789 643 808 edoceret
657 789 681 808 de
696 794 765 814 natura·
772 794 792 808 et
800 796 843 815 gra-

172 821 231 839 vitate
245 820 340 839 enunciati
352 820 417 841 morbi.
429 820 504 838 insimul
514 820 625 838 transmissa
635 821 702 845 peritia
712 821 791 841 medica.
802 821 843 845 ipse

162 852 239 871 ,litteris
253 851 316 870 Martii
331 852 434 870 suceessivi
447 851 534 870 exhibuit
549 855 588 870 tum
603 851 683 870 iuratam
694 851 843 871 declarationem

173 887 272 908 parentum
289 883 375 901 eiusdem
392 882 465 904 cleriei,
483 883 514 907 qui
532 887 604 907 negant
621 883 705 907 ipsorum
723 883 781 901 filiurn
800 889 843 901 esse

173 915 301 939 epilepticum,
310 914 344 932 sed
359 918 432 932 tantum
446 918 535 932 asserunt
548 914 636 932 eumdem
651 914 688 933 iam
703 920 715 933 a
731 919 797 933 tenera
814 920 844 933 ae-

173 949 212 964 tate
227 946 294 964 morbo
308 948 386 964 trauma
400 949 469 963 vocato
483 945 581 963 laborasse
595 949 614 963 et
628 945 686 964 modo
701 946 752 964 bona
766 945 800 964 frui
809 945 844 964 'va-

173 977 268 998 letudine;
288 981 327 995 tum
346 977 476 995 testimonium
495 977 575 995 rectoris
595 977 705 998 Seminarii,
724 977 756 1001 qui
775 977 844 995 fatetur

174 1012 268 1026 oratorem
283 1008 341 1026 semel
356 1007 375 1025 in
390 1014 440 1026 anno
458 1013 506 1031 1903
518 1011 537 1025 et
547 1007 576 1025 bis
586 1007 604 1026 in
614 1014 665 1026 anno
678 1013 728 1031 1904
738 1008 844 1026 subiectum

174 1039 231 1057 fuisse
245 1039 335 1063 gravibus
352 1038 468 1059 accessibus,
487 1038 519 1062 qui
539 1044 574 1062 pro
592 1038 699 1062 epilepticis
717 1038 776 1057 habin'
795 1043 844 1057 sunt,

215 1070 250 1088 His
264 1070 353 1094 acceptis.
368 1070 399 1088 die
417 1071 439 1088 16
454 1070 499 1088 dicti
516 1069 586 1088 mensis
600 1069 662 1088 eidem
673 1069 769 1094 Episcopo
779 1069 846 1088 rescri-

174 1106 226 1126 ptum
242 1101 281 1122 suit,
297 1106 317 1119 ut
331 1101 410 1120 clericus
420 1101 471 1119 Rose
481 1107 516 1125 per
525 1100 602 1125 aliquod
612 1105 687 1125 tempus
698 1105 800 1125 poneretur
809 1101 844 1120 sub

174 1133 279 1151 directione
293 1137 312 1151 et
326 1127 424 1157 vigilantia
438 1132 489 1151 docti
503 1136 523 1150 et
536 1131 635 1156 prudentis
649 1131 726 1153 medici,
742 1132 795 1150 cuius
813 1139 845 1151 vo-

175 1169 214 1183 turn
229 1168 248 1183 et
263 1164 373 1183 relationem
387 1163 457 1182 deinde
471 1163 581 1182 remitteret.
601 1163 653 1181 Haec
668 1163 719 1181 iussa
737 1163 844 1188 Episcopus
