915 1302
177 33 196 47 ⁵8
238 25 240 29 ’
388 33 413 47 Ex
423 32 438 46 s.
448 32 568 52 Congraegatione
578 32 638 46 ιιι-κυκη-

176 86 307 105 recitationem
322 86 367 105 illud
382 86 481 111 perlegere
495 86 569 111 vulgari
583 86 680 107 idiomate.
695 85 719 104 ad
733 85 848 110 pastoralem

176 117 261 136 fidelium
270 118 419 136 instructionem.

217 149 250 167 XI.
266 149 286 167 In
304 149 349 174 ipsis
364 149 466 173 paroeciis.
486 149 517 167 ubi
535 149 588 173 viget
604 148 681 173 linguae
698 148 849 173 palaeoslavieae

176 180 303 205 privilegium,
318 181 334 199 si
348 180 391 205 quis
405 180 466 199 fidelis
480 180 585 199 ostenderit
599 186 619 207 se
634 186 703 204 cupere
717 184 750 199 aut
763 179 817 201 velle,
829 184 849 199 ut

177 212 286 236 Baptismus
299 212 328 231 vel
344 216 463 231 sacramenta
479 216 548 233 cetera,
564 211 687 230 Matrimonio
704 218 742 230 non
760 215 848 236 excepto,

176 243 213 262 sibi
227 243 289 261 suisve
304 243 459 261 administrentur
474 243 578 261 secundum
592 242 668 261 Rituale
682 242 790 261 Romanum
809 242 850 261 lati-

177 280 228 295 num,
244 279 264 293 et
277 271 354 298 quidem
369 274 449 299 publiceff
465 274 570 298 eademque
580 274 645 298 lingua
655 274 761 292 habeantur
771 273 849 292 rituales

177 311 243 330 preces
257 305 276 323 in
291 305 387 330 sepultura
402 310 528 326 mortuorum,
544 305 587 323 huie
601 304 696 323 desiderio
710 309 742 323 aut
755 304 849 323 voluntati

176 336 262 355 districte
276 337 400 361 prohibentur
414 337 524 355 sacerdotes
538 336 576 355 ullo
590 341 647 361 pacto
661 336 760 355 obsistere.

218 368 260 386 XII.
276 368 296 387 In
311 368 453 392 praedicatione
467 368 520 387 verbi
535 368 577 389 Dei,
588 368 653 387 aliisve
667 368 728 387 cultus
742 368 850 387 actionibus

176 405 227 423 quae
241 399 306 417 stricte
320 399 419 423 liturgicae
434 405 471 417 non
486 403 537 420 sunt,
552 399 618 424 lingua
632 398 703 417 slavica
719 398 804 423 vulgaris
817 398 850 417 ad-

177 430 237 448 hiberi
252 430 366 454 permittitur
380 430 405 449 ad
419 430 502 449 fidelium
517 430 638 448 commodum
652 434 672 448 et
686 430 796 451 utilitatem,
811 436 850 449 ser·

177 461 227 480 vatis
241 465 304 479 tamen
318 461 440 486 generalibus
455 461 543 480 Decretis
556 461 612 479 huius
627 461 696 480 Sacrae
706 461 784 479 Rituum
798 461 849 480 Con-

176 492 303 517 gregationiS.

217 523 268 542 XIII.
284 523 375 548 Episcopi
390 523 463 542 illarum
478 524 585 548 regionum,
600 523 632 542 ubi
646 523 714 542 eadem
728 524 747 542 in
767 529 802 542 usu
820 527 850 542 est

176 554 243 579 lingua
256 555 363 576 vernacula,
379 555 468 574 studeant
477 555 564 574 uniformi
574 555 669 574 curandae
678 552 760 574 tersioni
770 561 850 579 precum

176 590 197 605 et
206 586 326 610 hymnorum,
336 587 406 611 quibus
415 586 497 611 populus
506 586 592 611 indulget
601 587 707 611 impropria
718 586 809 605 ecclesia:
824 586 850 605 ad

177 617 214 636 hoc
228 621 249 636 ut
262 618 293 642 qui
308 624 333 636 ex
347 624 385 636 una
398 618 423 636 ad
437 618 494 636 aliam
509 622 608 636 transeunt
621 617 725 636 dioecesim
739 617 769 636 vel
783 623 850 642 paroe-

176 648 232 670 ciam,
247 648 266 667 in
281 648 350 667 nullam
365 649 462 668 offendant
476 649 606 673 precationum
621 653 654 667 aut
663 649 779 667 canticorum
789 648 850 667 diver-

176 680 259 699 sitatem.

218 712 269 730 XIV.
286 712 313 730 Pii
327 712 374 733 libri,
390 712 408 730 in
422 712 491 736 quibus
505 712 613 730 continetur
627 712 689 730 versio
706 711 785 736 vulgata
799 711 850 730 litur-

177 743 263 767 gicarum
278 749 361 767 precum,
376 743 403 761 ad
415 749 470 761 usum
484 742 610 761 tantummdo
620 743 720 766 privatum
732 742 850 766 Christufide-

177 773 233 794 lium,
248 774 272 792 ab
286 774 388 798 Episcopis
402 774 436 792 rite
451 774 544 799 recogniti
559 774 597 792 sint
610 777 630 792 et
644 773 748 798 approbati.

219 805 291 829 Datum
305 805 384 826 Romae,
400 811 424 823 ex
439 805 545 824 Secretaria
559 804 660 823 Sacrorum
675 805 753 823 Rituum
763 805 850 829 Congre-

177 836 267 861 gationis,
282 836 313 855 die
331 837 352 855 18
368 836 482 855 Decembris
496 842 547 855 anno
564 837 620 859 1906.

349 887 368 907 S.
383 887 439 906 eard„
455 887 549 908 Carrom.
564 886 677 911 Praefatur.

365 924 376 946 †
386 923 409 941 D.
421 923 489 944 Paniei,
505 923 594 947 Archiep.
606 923 714 944 Laodicen„
724 922 848 941 Secretarius.
