915 1302
173 51 199 65 ῳ
341 48 366 62 Ex
377 48 392 62 s.
402 48 417 62 t:
427 48 533 67 Episcoporum
544 51 558 62 ει
569 48 667 72 Regulam».

169 101 305 126 praescriptae.
321 101 410 120 Similiter
425 102 462 120 iarn
477 101 522 120 Pius
535 102 563 120 IX
574 102 629 120 Brevi
640 103 664 122 26
674 95 723 121 Νῦν.
738 102 784 121 1861
797 108 841 121 con-

160 137 258 154 ,eesseran
274 133 448 151 confraternitatem
468 133 586 152 Immaculati
604 133 672 152 Cordis
692 133 713 151 Β.
723 133 750 152 Μ,
760 133 785 153 V.
805 140 840 158 pro

170 164 294 183 conversione
309 168 430 188 peccatorum
444 164 493 189 erigi
507 171 564 189 posse
578 165 597 183 in
612 165 701 183 omnibus
715 165 810 186 domibus,
821 165 840 183 in

170 195 238 219 quibus
252 195 345 214 catholica
359 195 447 214 iuventus
461 196 558 217 educatur.
573 195 678 214 dummodo
692 196 730 214 sint
743 196 768 214 ab
782 196 841 214 Ordi—

170 226 224 245 nario
242 227 353 251 recognitae
371 231 391 245 et
409 227 493 245 habeant
509 227 602 251 capellam
621 227 722 251 propriam.
743 227 774 246 De
790 227 840 246 facto

169 258 331 283 congregationes
346 258 366 277 Β,
377 258 403 276 Μ.
419 258 504 283 Virginis
517 262 537 277 et
551 258 630 277 filiarum
645 258 718 277 Mariae
727 259 840 283 saepissime

169 289 217 314 erigi
232 289 294 307 solent
308 289 327 307 in
341 289 429 308 domibus
443 289 589 314 Religiosarum,
606 290 637 308 ubi
652 289 725 314 puellae
735 289 841 308 educantur

170 320 282 345 scholasque
296 320 421 345 frequentant.
437 320 463 339 ita
477 325 497 339 ut
511 320 569 339 etiam
581 320 656 345 puellae
670 324 761 339 externae
773 321 840 340 admit-

170 356 234 370 tantur
247 352 271 370 ad
286 352 327 376 pias
341 352 387 370 istas
402 352 568 376 congregationes.

211 383 240 401 Ex
255 389 289 401 usu
304 383 362 408 igitur
375 387 395 401 et
408 383 462 407 praxi
477 387 516 401 tum
532 383 580 401 intra
594 387 634 401 turn
649 387 702 401 extra
721 383 794 402 Italiam
808 383 840 402 de-

169 418 241 432 cretum
256 414 300 433 illud
315 420 373 438 supra
387 418 512 432 memoratum
531 413 602 433 Sacrae
620 414 692 439 Congr.
708 414 747 433 EE.
763 418 782 433 et
797 415 839 434 RR.

169 445 323 469 restringendum
337 451 379 463 esse
393 445 469 472 videtur
483 445 507 463 ad
522 445 637 463 monasteria
655 445 770 466 monialium,
790 451 839 470 quae

170 476 254 495 strictam
269 476 372 494 observant
386 476 498 497 clausuram,
513 480 532 494 et
541 476 566 494 ad
576 476 741 495 confraternitates
747 476 839 495 laicorum

170 507 267 531 utriusque
282 513 344 529 sexus,
359 513 408 531 quae
423 507 488 531 utique
502 507 517 525 si
532 507 550 525 in
565 507 650 525 eeclesiis
664 507 728 525 talium
746 511 840 526 monaste-

169 538 239 557 riorum
254 538 377 563 erigerentur,
393 538 514 557 incommoda
529 544 567 556 non
577 538 626 557 levia
640 538 744 563 producere
753 542 839 563 possent.

170 570 254 593 Quando
273 575 320 588 vero
341 569 404 594 agitur
425 569 449 588 de
474 569 510 588 illis
530 569 635 594 puellarum
656 569 840 597 congregationibus

169 601 229 626 piisve
244 601 350 622 unionibus,
366 607 415 626 quae
429 601 448 620 in
466 601 555 620 domibus
569 605 588 620 et
606 601 680 620 sacellis
698 601 840 626 Religiosarum

169 632 194 651 ad
215 632 316 651 fovendam
338 632 439 651 iuventutis
461 632 551 657 pietatem
571 636 679 657 rectamque
700 632 839 651 institutionem

169 665 276 685 fundantur,
291 664 362 683 damna
376 664 407 683 illa
420 665 452 683 vix
467 668 511 682 sunt
525 664 621 686 timenda;
642 664 680 683 imo
697 670 728 683 res
747 665 788 688 ipsa
808 671 840 689 po-

170 696 239 714 stulare
252 695 333 717 videtur,
349 700 369 714 ut
383 696 401 714 in
416 695 458 720 ipsa
472 695 552 714 ecclesia
566 701 600 714 seu
615 695 684 714 sacello
699 695 839 720 Religiosarum

169 731 189 745 et
203 733 240 745 non
255 726 299 745 alibi
313 727 416 751 erigantur.
845 744 849 748 .

211 758 333 783 Quapropter
347 758 371 776 ad
386 764 463 777 ornnem
478 758 581 776 tollendam
595 758 631 776 hac
645 758 664 776 in
679 763 698 776 re
708 757 839 776 difficultatem

170 789 269 814 sequentia
283 789 341 808 dubia
355 796 389 813 pro
404 789 498 808 solutione
508 788 572 807 oblata
585 789 672 807 fuerunt:

224 820 237 838 L
252 821 288 838 An
301 820 393 838 decretum
411 820 431 838 S.
450 820 603 845 Congregationis
619 820 661 838 EE.
676 822 694 838 et
705 820 754 838 RR.
774 819 815 838 diei
825 825 840 844 9

170 852 219 870 Nov.
234 857 284 877 1595
298 852 412 870 extendatur
420 851 477 870 etiam
486 851 513 869 ad
516 852 562 875 pias
571 851 721 875 congregationes
727 851 839 875 puellarum

170 883 191 901 in
204 882 289 901 domibus
302 885 319 901 et
332 883 406 901 sacellis
420 882 564 907 Reltjgiosarum
577 882 663 906 erectas?

224 915 246 933 11.
264 914 334 933 Utrum
349 914 370 932 in
380 914 508 938 prohibitione
528 913 616 938 erigendi
634 913 799 937 confraternitates
818 914 839 931 in

169 945 249 964 ecclesiis
263 945 417 963 communitatum
437 945 579 969 religiosarum,
599 945 655 963 etiam
669 951 682 963 a
698 945 719 963 S.
735 945 781 963 Sede
802 951 840 963 non

169 977 321 1001 approbaturum,
336 976 411 995 verbum
421 976 586 995 confraternitates
595 976 739 1001 intelligendum
748 976 776 995 sit
783 976 840 994 dum—

169 1011 225 1027 taxat
237 1008 260 1026 de
273 1008 461 1032 confraterm‘tah'bus
473 1014 528 1026 sensu
542 1008 605 1026 stricto
619 1007 680 1028 dictis,
694 1010 712 1025 et
725 1007 747 1025 de
752 1008 840 1031 personis

170 1040 268 1064 utriusqus
274 1046 336 1059 saxu-r,
344 1045 391 1063 quat
400 1039 474 1057 nullam
484 1038 551 1057 habant
559 1045 601 1057 cum
612 1038 714 1063 Raligiosis
721 1038 839 1059 relationem,-

169 1077 195 1088 au
208 1070 265 1089 etnam
278 1070 300 1088 de
315 1070 356 1088 illis
366 1070 408 1093 piis
421 1069 523 1088 unionibus
536 1072 571 1088 aut
583 1070 757 1094 congregationibus
763 1070 839 1093 puella-

170 1108 220 1122 rum,
234 1108 280 1126 quae
293 1108 306 1120 a
316 1101 420 1125 praedictis
434 1101 538 1126 Religiosis
550 1101 640 1119 docentur
651 1104 669 1119 et
681 1101 801 1119 educantur?

210 1132 294 1153 Votum
302 1132 453 1153 Consultoris.
464 1132 542 1151 Electus
550 1132 584 1153 vir,
595 1133 701 1157 praemisso
711 1136 763 1151 textu
774 1138 838 1156 supra-
