915 1302
356 54 423 69 Roman
700 59 724 72 141

60 121 97 150 EX
114 121 138 151 S.
150 121 251 150 coNfiR.
264 121 466 151 EPISCOPORUM
481 121 520 152 ET
537 121 727 152 REGULARIUM
739 159 741 161 q

327 172 378 174 —
381 166 461 180 34—

336 203 451 222 ROMANA

211 244 324 257 zuen-rioms
339 244 410 257 rmum
425 244 578 258 Assocmriouuu

58 287 79 305 In
90 288 179 305 eccle-iis
194 288 340 308 Religioni-um
350 288 399 309 erigi
414 288 540 309 prohibentur
555 288 728 306 confraternitate-

97 314 166 332 strlcte
178 315 274 335 sumptae,
286 319 325 331 nun
336 315 403 331 autem
418 315 509 332 caeterae
523 315 673 333 emendationes.

98 359 177 380 Dubia.
192 359 246 378 Haec
260 360 279 378 S>
295 359 427 384 Congregatio
437 360 488 379 circa
496 360 613 380 'erectionem
627 361 729 380 confrater-

59 392 139 410 nitatum
153 390 243 409 laicorum
257 391 276 409 in
291 391 410 410 monasteriis
425 391 534 410 monialium
549 392 580 410 die
594 398 606 415 9
617 392 665 410 Nov.
679 398 727 416 ¹595

59 428 142 447 sequens
155 422 254 441 decretum
268 422 287 440 in
306 422 326 440 T
324 422 417 441 frasam.
432 422 504 441 edidit:
696 446 698 449 .

100 461 109 470 ι
122 453 166 472 Non
181 453 243 478 placet
257 453 326 472 Sacrae
341 453 493 478 Congregetioni
508 454 632 479 Regula-ium
647 454 730 479 negotiis

59 484 166 509 praefectae
181 488 202 502 ut
216 484 235 502 in
250 484 369 503 monasteriis
384 484 493 503 monialium
508 485 544 503 sub
558 486 625 509 quovis
639 485 694 504 titulo
704 485 730 504 in-

59 517 161 535 stituantur
175 516 339 535 confraternitates
359 515 456 537 laicorum,
475 516 499 534 ad
513 516 597 535 tollenda
614 523 672 541 quarn
690 516 730 541 plu-

59 547 112 568 rima.
127 553 177 571 quae
191 553 216 565 ex
230 547 338 565 huiusmodi
352 547 502 565 institutionibus
516 547 595 566 suboriri
610 552 690 572 possunt
703 548 730 566 in-

60 578 168 603 commoda.
183 578 279 602 Quocirca
294 584 336 596 curn
351 578 424 603 oppido
438 578 462 596 de
476 578 551 602 Alsum
565 579 618 597 istius
636 578 731 597 dioecesis

59 610 77 628 in
91 609 177 634 quodam
192 610 308 628 monasterio
322 609 431 628 monialium
442 610 503 632 sancti
513 609 608 628 Dominiei
618 610 730 628 societatem

60 641 148 660 Nominis
163 641 199 659 Dei
213 645 297 659 erectam
311 647 354 659 esse
369 641 472 663 resciverit,
491 641 576 660 decrevit
593 641 661 660 eadem
680 641 730 660 Con-

60 672 150 697 gregati«)
165 676 185 690 ut
200 672 332 691 Dominationi
349 676 393 690 tuae
412 673 553 694 rescriberetur,
572 672 623 697 quod
642 679 680 697 ego
701 672 731 690 his

61 703 128 722 litteris
149 707 232 728 praesto,
248 709 272 721 ne
286 703 305 721 in
320 707 417 727 posterum
431 704 471 721 sive
486 703 613 728 supradicmm
630 703 731 722 confrater-

62 735 141 753 nitatem
155 734 194 753 sive
209 734 256 753 alias
270 734 341 753 similes
355 735 423 759 quovis
438 735 514 753 nomine
528 735 547 753 in
562 735 682 753 monasoeriis
692 741 731 753 mo-

62 766 144 787 nialium,
160 771 192 785 aut
205 766 277 785 institui
292 771 325 785 aut
342 766 436 785 institutas
454 767 539 785 exerceri
558 766 701 791 permittat,....„
711 773 730 785 ».

101 798 152 816 Huic
166 797 244 816 decreto
258 797 311 816 inniti
332 797 407 816 videtur
420 797 477 816 etiam
494 804 606 822 responsum
623 798 642 816 S.
658 797 731 822 Congr-

62 828 224 853 indulgentiarum
245 833 265 847 et
283 828 317 847 SS.
335 828 464 852 Reliquiarum
476 829 495 847 in
513 824 637 853 Andegaveri.
656 829 687 847 die
707 835 731 852 ²9

62 860 118 878 Febr.
137 860 191 883 18⁶4.
206 859 231 878 ad
246 859 278 878 IV.
298 859 347 878 Cum
368 860 419 878 enim
440 860 538 884 proposita
558 864 610 879 esset
630 860 730 884 quaestio:

66 899 74 908 ‹
84 891 104 910 ln
120 891 183 909 Gallia
197 897 240 909 eum
254 891 331 909 minime
347 891 431 909 existant
449 891 559 915 Religiosae
573 897 585 909 a
599 891 617 909 S.
633 891 683 910 Sede
700 897 732 915 ap-

63 923 160 946 probatae,
175 926 194 940 et
205 921 282 940 aliunde
298 922 362 946 plures
375 922 439 940 adsint
452 922 599 941 communitates
612 922 732 946 quasi-Reli-

64 953 166 978 giosarum,
181 959 231 978 quae
251 953 326 972 scholas
344 953 429 978 dirigunt
445 957 465 972 et
483 954 645 979 congregationes
661 954 732 972 habent

64 985 166 1009 puellarum
179 989 218 1003 tarn
227 989 350 1003 externarum
360 991 416 1009 quarn
427 984 551 1006 alumnarum.
561 985 617 1004 valde
628 985 672 1003 utile
681 988 732 1003 esset

64 1016 227 1035 confi-aoernitaoes
240 1017 314 1041 erigere
329 1017 348 1035 in
357 1022 422 1035 earum
433 1016 530 1038 ecclesiis;
540 1017 642 1041 quaeritur.
653 1023 677 1035 an
687 1023 732 1041 pos-

65 1046 101 1065 sint
119 1046 182 1071 erigi?
192 1053 201 1064 ι
213 1052 216 1067 ;
233 1052 344 1071 responsum
360 1047 442 1071 prodiit:
462 1047 521 1065 «Non
535 1046 627 1071 expedire
636 1054 655 1065 ι.

104 1078 133 1096 Ex
148 1078 208 1096 altera
221 1084 268 1097 vero
282 1082 336 1103 parte
351 1078 392 1097 Leo
406 1079 451 1097 Xlll
465 1079 496 1097 die
513 1084 522 1102 7
533 1079 574 1097 Iulii
588 1080 636 1103 1883
647 1079 733 1103 permisit

66 1113 85 1127 ut
98 1109 263 1128 confraternitates
277 1110 330 1128 SSzni
345 1110 414 1128 Cordis
429 1110 471 1128 lesu
485 1110 543 1129 etiam
557 1110 576 1128 in
591 1110 665 1129 sacellis
684 1110 733 1129 Reli-

66 1139 161 1164 giosarum
175 1140 246 1158 institui
261 1141 340 1165 possint,
356 1140 406 1159 nulla
420 1141 484 1159 habita
493 1141 567 1160 ratione
575 1141 676 1160 distantiae
687 1141 733 1160 alias
