915 1302
386 48 445 63 Nolana
724 53 728 63 1
734 49 750 63 55

80 103 136 122 dictio
143 102 186 129 16);
202 108 260 128 atque
275 110 299 122 ex
313 104 348 122 hac
363 103 455 128 particula
469 103 562 128 originem
580 110 617 122 non
634 103 754 127 domicilium,

78 135 207 153 demonstrari
221 141 312 159 expresse
326 134 383 153 tradit
398 134 486 153 Bar-tolus
505 135 547 159 (leg.
561 134 690 153 Provinciales
704 140 750 159 19⁰,

79 172 96 184 n.
108 171 127 186 2,
139 166 161 184 de
170 166 219 184 verb.
228 166 311 191 sigmfst
331 173 340 184 ‹
350 166 399 184 Cum
409 165 452 184 dico
462 166 573 184 Perusinum
580 165 666 190 intelligo
676 166 750 190 origine

77 196 108 215 vel
125 197 157 221 qui
172 196 242 215 habeat
256 196 382 218 domicilium
398 197 432 215 sed
446 197 462 215 si
477 203 514 215 non
529 196 572 215 dico
586 197 703 217 Perusinum.
716 197 750 215 sed

77 228 123 247 dieo
138 228 189 252 quod
204 227 248 246 talis
261 228 285 246 de
300 228 383 249 Perusio,
398 228 444 252 quid
458 228 564 253 significat?
584 228 616 246 An
630 228 662 252 qui
680 228 750 247 habeat

78 259 105 278 ibi
120 259 242 280 domicilium,
258 255 372 286 vel'habeat
386 259 493 284 originem?
508 263 528 277 et
541 259 598 277 eredo
612 259 664 283 quod
678 259 750 284 signifi-

76 294 109 309 cet
123 290 228 309 seeundum
243 297 363 309 communem
378 296 433 309 usum
452 290 542 315 loquendi
559 290 653 315 originem
672 295 692 309 et
711 297 749 309 non

78 321 196 341 domicilium
206 329 223 340 ».
240 322 293 341 ldem
307 322 376 346 repetit
390 322 408 340 in
423 322 457 346 lag.
469 322 496 341 Si
500 325 598 346 possessor,
614 321 630 348 §
639 321 714 347 An't,ffi
728 321 750 341 a'c

73 353 129 377 patit.
144 353 254 371 haeraditat.
270 353 325 371 Hanc
339 353 445 372 doctrinam
459 357 525 372 secuta
539 357 569 371 est
582 353 602 371 S.
617 353 668 372 Rota
684 359 749 372 coram

78 385 164 409 Caprara
178 384 232 403 decis.
242 383 288 409 650,
301 391 318 403 n.
329 383 352 405 6:
367 388 387 403 et
395 385 449 404 decis.
459 384 505 410 982,
520 391 538 403 n.
554 390 565 409 7
580 390 645 403 coram
659 384 748 406 Molines,

78 422 112 435 nec
128 422 166 434 non
180 415 270 440 amplexa
283 420 312 434 est
324 416 371 434 haee
381 416 399 433 S.
411 416 434 434 C.
444 416 463 434 in
479 416 578 435 Viterbien.
594 426 605 430 -
617 415 706 434 Substitit·
720 412 749 434 do*-

76 447 123 465 talis
144 453 166 470 ¹9
177 446 217 465 Iulii
230 448 285 470 1766,
301 447 320 465 in
335 447 435 471 spoletana
449 447 487 465 diei
503 452 525 470 25
537 447 584 471 Apr.
599 448 658 469 1761,
678 447 697 465 in
716 446 749 465 Ti-

77 478 155 497 burtina
165 489 176 492 -
188 478 331 496 Naminationis
342 483 365 501 27
376 478 423 496 Iunii
437 479 492 501 1829,
500 482 520 496 et
529 478 547 496 in
557 478 667 496 Ariminen.
679 489 690 491 -
703 477 748 501 Cap-

72 509 171 533 pellaniac
185 509 222 528 diei
239 510 262 527 28
273 509 325 534 Aug.
341 509 386 532 ¹841
404 509 428 527 ad
443 513 517 527 sextum
532 509 617 529 dubium.

118 541 148 559 Ex
163 541 261 565 hucusque
275 540 331 559 dietis
345 540 473 565 consequitur,
489 540 540 565 quod
555 547 597 559 cum
615 540 676 559 nullae
696 541 748 559 invo-

75 573 114 591 cari
130 572 203 596 possint
217 579 242 591 ex
256 572 337 590 adverso
351 571 444 596 speciales
458 572 611 590 circumstantiae
629 571 654 591 de
672 572 747 590 diversa

74 603 179 624 voluntate,
191 609 224 621 seu
233 600 393 627 interpretatione
400 603 468 621 mentis
477 603 587 624 fundatoris.
598 603 698 628 rigorosae
708 609 747 621 ver-

74 635 144 653 borum
163 634 297 659 significationi
315 633 456 652 adhaerendum
473 638 507 653 est.
530 634 570 653 Nec
592 634 662 659 aliquid
681 638 747 659 posset

72 665 163 684 concludi
177 672 201 684 ex
216 666 265 684 sacto
283 666 334 690 quod
352 672 395 683 cum
412 665 501 690 paroecia
518 665 537 684 S.
552 666 667 684 Anastasiae
685 670 745 684 toturn

72 696 213 721 complecmtur
227 696 324 721 oppidum,
339 696 403 715 dicere
417 696 506 715 clericum
521 697 545 715 de
555 697 657 721 municipio
667 697 686 715 5.
695 697 746 715 Ana-

73 729 146 747 stasiae
161 728 211 746 idem
225 732 277 746 esset
291 734 313 746 ac
328 728 391 746 dicere
406 728 495 746 clericum
509 728 645 753 parochianum
660 729 679 747 S.
695 729 746 748 Ana-

73 760 153 779 stasiae:
168 765 211 778 nam
226 759 264 778 duo
279 759 325 778 haec
345 760 396 777 entia
414 759 463 778 inter
481 766 502 778 se
520 764 560 778 toto
578 760 632 779 coelo
650 760 744 780 differunt.

73 790 158 809 Aliunde
173 790 261 809 fundator
275 790 299 809 ad
313 790 452 815 cappellaniam
467 790 574 815 designavit
584 791 663 810 clericos
672 792 743 816 oppidi,

74 828 112 840 non
128 822 228 846 paroeciae
243 822 262 841 S,
273 822 399 843 Anastasiae;
415 822 465 840 unde
480 828 517 840 nun
532 822 555 840 ad
571 822 651 847 simplex
665 823 745 842 domici-

72 853 124 874 lium¹
140 853 174 871 sed
188 852 213 871 ad
227 859 292 871 verum
307 857 326 871 et
340 853 425 871 strictum
440 853 469 871 ius
483 853 562 872 civicum
577 854 666 878 respexit.

114 884 197 902 Demum
215 884 289 902 etiamsi
309 884 328 902 in
347 884 433 903 subiecta
452 885 530 903 materia
549 884 625 909 aliquod
645 885 743 904 fundatum

71 915 152 934 dubium
166 921 260 940 exurgere
274 920 340 940 posset
353 916 378 934 de
391 916 504 934 extensione
518 916 620 935 voluntatis
639 917 744 936 fundatoris

72 947 96 965 ad
112 946 191 965 clericos
206 946 275 965 nedum
286 947 399 972 originarios
410 947 443 966 sed
453 948 510 966 etiam
520 947 660 969 domiciliarios,
672 949 690 967 in
701 955 745 967 con-

72 985 128 997 cursu
143 982 206 996 tamen
221 978 284 997 clerici
299 979 396 1003 originarii
411 979 486 998 Barone
500 985 543 998 cum
562 979 631 998 clerico
651 984 744 999 extraneo

73 1009 153 1031 Marino.
170 1014 189 1028 ut
204 1013 224 1028 ut
234 1009 285 1028 clero
299 1010 318 1028 S.
328 1010 442 1028 Anastasiae
453 1011 488 1029 rite
498 1015 611 1035 aggregato,
623 1017 698 1036 semper
712 1011 743 1030 ille

72 1041 138 1059 fuisset
153 1041 233 1059 caeteris
247 1041 325 1065 paribus
342 1041 486 1065 praeferendus,
502 1041 559 1066 idque
576 1048 601 1061 ex
620 1046 743 1067 praesumpta

73 1072 131 1096 ipsius
146 1071 251 1090 fundatoris
264 1072 367 1093 voluntate,
383 1072 409 1091 uti
424 1072 496 1091 diserte
509 1073 567 1091 tradit
576 1073 633 1092 Card.
650 1073 680 1092 De
691 1074 743 1093 Luca

72 1103 113 1124 (loci
120 1103 158 1123 cit..
167 1109 185 1121 n.
192 1104 231 1128 22).
