915 1302
165 51 183 66 32
334 51 360 71 fix
371 52 385 65 s>
395 51 411 65 c(
423 52 529 70 episcoporum
540 54 554 65 ει
565 52 663 71 Regularum

163 105 232 123 iustam
247 105 272 123 ob
286 111 370 126 causam,
385 105 484 123 deminute
494 109 567 123 tantum
578 105 651 123 indulta
660 105 715 124 fuerit
726 105 836 124 monasterii

164 136 235 155 erectio
242 143 261 154 ν.
272 136 395 160 Quapropter
404 142 447 155 cum
457 136 550 161 Religiosi
560 136 580 155 5¹.
591 136 694 161 Augustini
704 137 788 161 exempti
799 137 837 155 sint

164 174 175 186 a
190 167 319 186 iurisdictione
339 167 443 188 Ordinarii.
461 168 485 186 ab
502 167 569 186 iisdem
588 168 641 186 iuxta
659 172 761 192 patronum
775 168 838 187 exclu-

164 199 227 218 denda
241 203 270 217 est
284 199 363 223 quaevis
377 199 492 218 dioecesana
506 199 610 218 iurisdictio
624 200 664 218 sive
683 200 702 218 in
721 200 837 219 monasterio

164 231 204 249 sive
219 231 238 249 in
252 230 333 249 ecclesia
348 230 409 249 eidem
425 231 504 249 adnexa.
520 230 546 249 Et
559 230 595 249 hoc
609 231 639 249 vel
657 231 719 255 magis
733 231 837 251 tenendum

165 268 208 280 esse
222 262 248 280 ait
262 262 309 288 ipse?
324 262 370 286 quia
383 268 426 280 cum
436 262 456 280 S.
464 261 524 280 Sedes
534 262 629 280 concessit
638 263 748 280 canonicam
759 262 838 281 erectio-

166 299 210 312 nem
224 293 299 318 collegii
318 300 327 311 ‹
336 300 379 312 cum
393 293 482 311 omnibus
496 297 515 311 et
524 293 604 317 singulis
614 293 723 318 privilegiis,
734 294 838 318 exempti«)

166 325 221 343 nibus
235 328 255 343 et
269 324 340 343 iuribus
354 324 432 343 Ordinis
446 324 465 342 S.
477 324 580 349 Augustini
594 328 631 343 etc.
641 331 659 346 ›,
674 331 699 343 eo
709 325 751 349 ipso
760 325 839 343 indulsit

166 356 224 374 etiam
238 356 380 380 exemptionem
394 355 486 374 ecclesiae
501 355 583 380 collegio
597 355 690 377 adnexae,
705 356 776 380 quippe
786 356 838 380 quod

166 387 234 405 scitum
247 391 278 405 est
292 387 341 405 inter
354 386 540 411 Augustinianorum
551 386 651 411 privilegia
666 387 759 405 recenseri
774 391 793 405 et
807 393 839 405 ec-

167 418 266 437 elesiarum
281 418 429 442 exemptionem.

208 450 296 473 Denique
311 449 419 474 regularem
435 449 526 468 Basilicae
541 449 644 468 Eseurialis
658 454 745 468 naturam
759 450 840 468 adstruit

167 485 232 500 orator
245 487 270 499 ex
284 480 333 499 facto
343 481 394 505 quod
404 485 443 499 tum
454 480 546 505 Religiosi
556 481 575 499 S.
587 481 698 505 Hieronymi
709 481 733 499 ab
742 481 839 499 erectione

168 512 277 530 monasterii
292 518 352 536 usque
366 512 390 530 ad
405 512 489 536 ipsorum
508 512 632 533 eiectionem,
647 516 686 530 tum
704 512 840 536 Augustiniani

167 543 192 561 ab
206 549 237 562 an.
255 543 303 566 1885
319 549 379 567 usque
393 542 417 561 ad
432 549 462 560 an.
481 548 538 565 1904.
556 543 646 561 omnibus
659 542 764 567 privilegiis
778 543 840 567 gavisi

169 578 212 592 sunt
226 574 245 592 in
260 574 376 592 monasterio
390 578 409 592 et
423 574 442 592 in
456 573 543 595 ecelesia,
558 580 607 598 quae
626 574 650 592 ab
669 574 715 598 ipsis
734 574 841 592 Ordinariis

168 600 373 630 tamquam¹regularis
387 605 469 629 ideoque
483 609 573 629 exempta
583 604 647 623 habita
661 611 737 629 semper
751 605 790 623 fuit.
860 600 862 602 ³

208 636 285 655 Deinde
299 640 391 660 patronus
404 642 428 654 ex
443 640 511 654 natura
520 635 602 661 regulari
616 636 708 655 ecclesiae
721 636 800 660 eiusque
810 641 842 654 ex-

168 668 266 692 emptione
280 667 388 686 necessario
403 668 494 691 consequi
509 668 571 692 arguit
586 667 689 692 praefatam
699 667 799 686 ecelesiam
810 673 841 691 pa-

169 699 234 717 storali
249 699 353 717 visitationi
373 699 463 723 Episcopi
482 699 585 717 obnoxiam
600 705 637 717 non
652 705 700 717 esse.
715 699 766 717 Sane
780 699 840 717 Cone.

169 730 221 749 Trid.
238 732 287 753 (sess.
303 735 334 754 ²5»
349 733 387 754 cap.
401 736 426 748 2⁰
440 730 462 748 da
476 730 554 754 Regul.)
571 731 600 748 ius
618 734 637 749 et
654 730 737 749 officium
752 729 841 748 visitandi

169 761 261 780 ecclesias
275 761 399 786 Regularium
414 768 452 780 non
467 761 568 786 Episcopis
587 762 620 779 sed
638 761 747 780 Abbatibus
765 761 840 782 tribuit;

170 793 215 811 itern
225 794 273 815 (sns-
285 798 314 813 21,
324 795 363 816 cap.
372 792 386 811 δ’
393 793 415 811 dc
425 792 518 816 Reform.)
529 792 595 811 statuit
604 792 655 816 quod
674 800 682 810 ‹
691 793 812 813 monasteria,
822 792 841 811 in

169 824 239 848 quibus
253 830 290 842 non
300 824 354 849 viget
363 824 456 848 regular-is
467 823 628 845 observantiasu,
639 824 664 842 ab
673 823 775 848 Episcopis
784 824 842 842 etiam

169 859 268 879 tamquam
282 855 337 874 Sedis
352 855 390 880 Api
405 855 505 879 delegatis,
516 854 596 879 singulis
608 855 663 873 annis
672 855 772 873 visitentur
783 862 799 876 ».
815 861 843 873 re-

170 886 214 905 licta
228 891 292 905 tamen
305 887 414 905 visitatione
430 886 595 907 monasteriorum.
612 894 620 903 ‹
633 886 651 904 in
665 886 734 910 quibus
743 887 797 911 viget
811 886 843 904 ob-

170 918 266 936 servantia
271 917 370 942 regularis,
378 917 507 942 superioribus
515 917 653 942 Regulariumir
659 933 663 937 .
672 918 786 942 Congruunt
793 918 812 936 S.
819 917 841 936 C.

171 949 251 968 Coneilii
266 950 284 967 in
299 949 383 969 Naulen.
401 955 409 967 2
422 949 469 967 Dee.
483 954 538 972 1725,
554 949 572 967 in
587 949 659 967 Licinn.
672 955 696 972 29
707 949 745 967 lan.
759 954 809 972 ¹724
823 953 843 967 et

172 987 196 1004 23
212 981 258 999 lunii
272 986 327 1004 1725,
342 980 361 999 in
376 981 488 999 Placentina
501 985 522 1003 17
533 980 586 1005 Aug.
599 982 648 1003 1726
659 984 679 999 et
691 986 710 999 11
729 981 767 999 lan.
786 986 841 1004 1727,

171 1012 190 1030 in
201 1012 275 1030 Montis
285 1012 364 1036 Regalis
375 1017 395 1035 15
405 1012 469 1030 Martii
480 1017 538 1034 17273
549 1012 567 1030 S.
580 1012 727 1030 Poenitentiaria
737 1012 755 1030 in
765 1012 843 1030 decreto

175 1044 196 1062 18
208 1043 256 1067 Apr.
269 1044 329 1066 1867;
340 1049 414 1061 necnon
424 1043 443 1062 S.
454 1043 476 1062 C.
487 1043 527 1061 EE.
535 1047 555 1061 et
565 1043 606 1062 RR.
615 1043 632 1061 in
641 1043 751 1061 Neritmn.
762 1044 785 1061 26
794 1043 843 1061 Mar-

171 1074 191 1093 tii
205 1075 260 1098 1897.
277 1074 332 1093 Unde
348 1074 451 1099 Fagnanus
466 1074 586 1099 distinguens
603 1074 694 1093 ecclesias
710 1078 810 1099 exemptas
824 1074 843 1093 in

172 1105 280 1124 saeculares
294 1110 313 1124 et
327 1106 425 1130 regulares
439 1106 506 1124 habet:
528 1113 537 1123 ‹
546 1106 566 1124 Si
581 1106 687 1124 saeculares
701 1110 750 1127 sunt,
766 1106 844 1130 Episco-

172 1144 207 1162 pus
221 1141 285 1161 potest
299 1143 332 1155 eas
346 1137 423 1155 visitare
438 1141 534 1161 tamquam
549 1137 606 1155 Sedis
619 1137 656 1161 Ap.
668 1137 812 1162 delegatus;.....
828 1137 844 1155 si
