915 1302
165 38 191 52 108
310 38 336 52 Ex
346 38 361 52 S.
370 38 386 52 C.
398 37 525 57 Indulgentiarum
536 40 550 52 ει
560 37 587 51 SS.
596 37 696 56 Reliquiarum

206 93 230 110 ι’,
246 90 332 109 Plenaria
341 91 460 116 indulgentia
469 91 500 110 die
510 91 558 110 festo
568 95 641 115 septem
649 90 735 110 dolorum
745 91 766 111 Β,
774 91 831 112 M.V.,

162 122 208 141 feria
218 128 237 141 vi
247 126 291 147 post
300 122 415 141 dominicam
430 119 531 144 Passionis,
546 122 576 141 vel
591 128 629 141 uno
643 128 667 141 ex
681 126 755 147 septem
765 122 832 141 diebus

133 152 135 155 ⁴
163 153 272 172 immediate
286 153 415 178 sequentibus,
434 153 539 172 dummodo
557 153 652 178 praefatae
671 159 769 178 personae,
789 160 833 172 con-

163 185 223 204 fessae
238 191 260 203 ac
273 185 294 203 S.
304 185 376 209 Synaxi
390 184 477 206 resectae.
493 184 576 210 aliquam
587 184 687 203 eeclesiam
696 184 726 203 vel
737 184 832 209 publicum

163 216 266 235 oratorium
280 216 350 235 devote
364 216 486 237 visitaverint,
501 216 565 240 ibique
579 215 603 234 ad
618 220 701 235 mentem
716 216 735 234 S.
750 216 774 234 V.
791 215 833 240 pias

163 254 230 272 preces
244 247 337 268 sudu-inm

204 281 229 298 2⁰.
245 278 331 297 Plenaria
345 278 464 303 indulgentia
479 278 496 296 in
512 278 577 297 mortis
595 278 674 297 articulo
693 278 832 299 lucrifacienda.

163 309 267 328 dummodo
281 309 308 328 uti
322 315 379 334 supra
393 309 504 334 dispositae,
517 308 546 328 vel
556 308 623 328 saltem
638 310 736 331 contritae,
746 309 780 329 SS.
791 309 832 327 Iesu

162 347 232 360 nomen
247 347 286 362 ore¹
302 341 317 359 si
327 341 428 365 potuerint,
440 341 468 359 sin
479 340 541 359 minus
551 340 607 359 corde
617 340 688 359 devote
697 340 832 361 invocaverint;

204 374 229 395 3⁴².
245 371 386 396 Indulgentiam
400 375 474 396 septem
489 378 581 390 annorum
595 371 714 396 totidemque
727 371 833 396 quadrage-

163 409 229 421 narum
244 403 324 428 singulis
338 402 365 421 IV
378 402 429 421 feriis
442 406 523 427 quatuor
539 407 652 427 temporum,
667 403 682 421 si
693 403 712 421 in
722 402 791 421 sacello
801 402 832 421 ubi

163 434 245 452 societas
260 437 323 452 erecta
337 433 435 458 reperitur,
446 434 478 458 pio
487 434 579 452 exercitio
589 434 613 452 ad
623 439 710 452 normam
720 437 833 452 statutorum

164 465 276 489 peragendo
290 464 348 483 corde
361 464 429 483 saltem
443 465 525 483 oontrito
538 471 561 483 ac
575 464 644 483 devote
654 464 774 485 adstiterint;

204 498 229 518 4⁶.
245 495 365 520 Indulgentia
380 500 455 514 eentum
469 495 543 514 dierum
553 496 627 520 quoties
636 495 713 520 aliquod
723 495 775 520 pium
785 490 834 520 opus

164 526 216 545 iuxta
231 530 306 547 statuta.
322 526 379 545 corde
394 526 465 551 pariter
479 526 560 545 contrito
574 530 593 545 et
607 527 676 545 devote
686 527 801 551 peregerint.

205 557 230 575 Et
244 557 298 576 Deus
300 571 331 577 .....

203 588 275 607 §smus
284 588 309 607 D.
320 589 344 608 N.
355 589 398 607 Pius
407 589 442 607 FP,
453 588 473 607 X
486 589 505 607 in
513 588 610 607 audientia
623 588 688 608 habita
701 588 733 607 die
751 595 773 612 14
784 588 834 607 Mar-

163 619 184 638 tii
202 621 251 642 1906
265 620 290 638 ab
304 619 423 644 infrasen‘pto
437 619 493 638 Card.
509 620 607 638 Praefecto
616 619 635 639 S.
646 619 798 644 Congregationi
806 619 834 637 In-

162 650 267 675 dulgentiis
281 651 377 675 sacrisque
391 651 483 675 Reliquiis
498 651 624 675 praepositae,
640 651 724 675 benigne
734 651 800 675 annuit
814 651 833 669 in

163 682 252 701 omnibus
261 682 314 700 iuxta
324 688 395 706 preces.
408 682 504 700 Praesenti
514 682 539 700 ad
548 677 661 701 decennium
671 682 752 701 valituro
761 682 834 706 absque

163 713 200 732 ulla
215 713 280 732 Brevis
294 713 422 738 expeditione.
433 713 539 732 Contrariis
548 713 698 738 quibuscumque
708 720 746 732 non
756 714 834 732 obsum-

164 745 220 763 tibus.

204 776 276 794 Datum
293 776 372 796 Romae.
388 782 398 793 e
412 775 519 794 secretaria
532 775 617 794 eiusdem
631 775 650 794 S.
664 775 832 800 Congregationis,

164 807 195 825 die
215 813 239 830 ²4
254 806 317 825 Martii
330 808 385 829 1906.

325 856 349 875 A.
364 855 421 875 Card.
436 855 521 876 Thuram,
536 854 649 876 Praefectus.

345 893 355 914 †
365 891 389 910 D.
404 890 474 911 Paniei,
485 887 574 915 Are'hiep.
586 890 695 911 Laodicen„
711 890 832 909 Secretan'us.

164 978 262 996 'tribuitur
270 978 353 996 facultas
360 979 463 999 delegandi
475 979 589 996 sacerdotes
600 978 626 995 ad
638 978 760 999 recipiendos
767 977 835 995 fideles

203 1006 223 1023 in
234 1006 349 1023 societ-tem
360 1006 395 1023 SS.
401 1006 486 1023 Rosarii.

246 1049 358 1067 Beatissime
371 1049 435 1069 Pam,

204 1089 235 1107 Fr.
251 1089 370 1113 Hyacinthus
386 1089 448 1108 Maria
462 1089 559 1110 Cormier.
574 1088 668 1113 Magister
684 1088 781 1113 generalis
799 1089 835 1108 Or-

164 1120 213 1139 dinis
228 1120 315 1138 Fratrum
329 1120 489 1141 Praedicatorum,
504 1119 529 1138 ad
539 1119 599 1144 pedes
613 1120 633 1138 S.
643 1120 666 1138 V.
682 1120 799 1144 provolutus,
809 1120 833 1138 ab
