915 1302
357 50 433 65 Matrimi.
712 52 731 67 29

64 112 117 125 causa
124 106 245 125 Innocentius
253 106 278 124 111
287 105 376 128 (Deera,
382 105 414 124 lib.
417 109 438 128 5,
443 104 472 123 tit.
476 109 504 128 jj
508 104 530 122 da
532 103 652 128 privilegiis,
656 106 695 127 cap.
700 105 732 127 17)

63 137 196 156 sententialiter
205 137 301 156 definivit:
321 143 330 154 ι
336 136 388 160 quod
399 136 480 154 Evasen,
489 135 603 154 coenobium
613 134 693 153 liberum
702 139 733 153 est

63 169 84 187 in·
92 169 159 193 capite.
175 172 273 192 tamquam
287 168 311 186 ab
325 167 430 192 episcopali
440 166 569 185 iurisdictione
580 172 658 190 prorsus
669 172 733 184 exem-

63 204 145 225 ptum....;
161 200 181 219 in
195 199 285 218 membris
299 203 369 220 autem,
388 204 438 223 quae
457 204 495 217 non
514 198 619 222 probantur
637 201 732 221 exempta,

63 232 175 251 dioecesano
185 231 281 256 Episcopo
292 231 353 255 ipsum
366 231 465 249 subiacere
474 230 595 248 decernimus
604 237 622 248 ».
638 230 687 248 Hinc
697 229 735 248 En-

63 263 92 288 gel
106 263 143 286 (tit.
154 263 176 281 da
181 263 259 287 privil..
268 262 284 288 §
292 268 312 287 4,
323 269 341 281 m
352 263 386 287 24)
405 262 462 280 docet
467 268 474 280 2-
496 268 506 279 ι
515 261 617 280 Sciendum
632 265 662 279 est
677 260 735 279 aliam

63 295 202 319 exemptionem
217 301 259 313 esse
273 298 312 314 tam
327 294 346 312 in
361 293 423 318 capite
437 299 495 317 quam
509 293 528 311 in
543 292 639 314 membris,
657 291 735 316 quando

63 325 132 344 seilicet
146 332 185 344 non
199 329 273 344 tantum
287 324 397 349 principalis
415 324 473 345 locus,
489 324 530 343 sive
548 324 683 343 monasterium
702 327 736 342 aut

63 356 164 382 collegium
178 360 289 381 exemptum
303 360 339 378 est,
354 356 388 374 sed
402 356 461 374 etiam
475 362 542 374 omnes
556 355 664 380 cappellae,
679 355 736 373 bene-

64 388 103 406 ficia
116 392 137 406 et
151 387 253 412 parochiae
268 393 361 406 annexae.
376 387 440 405 Aliam
454 391 518 405 autem
537 387 556 405 in
575 387 637 411 capite
655 390 735 407 tanturn,

64 419 140 443 quando
154 423 219 438 tamen
234 419 275 443 ipse
289 418 399 443 principalis
412 418 466 437 locus
480 422 581 442 exemptus
595 422 629 439 est,
650 424 688 436 non
705 423 737 436 an-

64 457 122 469 nexae
139 450 241 474 paroeciae
254 450 284 468 vel
294 449 387 468 beneficia
396 456 415 468 ν.

102 481 212 506 Distinguit
226 485 325 505 praeterea
340 485 405 499 orator
423 480 514 499 ecclesias
532 486 577 499 vere
596 481 694 505 regulares
712 480 737 499 ab

65 512 155 534 ecclesiis,
170 512 240 536 quibus
254 512 362 537 Regulares
371 511 481 536 simpliciter
490 512 604 530 inserviunt:
621 518 670 533 nam,
682 516 702 530 ut
712 512 739 530 ait

65 543 120 563 Card.
138 543 169 562 De
179 543 231 562 Luca
241 544 279 566 (De
289 543 391 564 iurisdict„
401 543 445 562 disc.
455 548 489 568 54,
498 550 516 561 n.
527 545 554 568 4),
568 550 578 561 ‹
588 550 625 562 non
638 544 700 562 omnis
709 550 738 562 ec-

65 575 126 596 clesia,
144 574 174 593 cui
188 574 296 599 Regulases
310 574 419 595 inserviunt.
435 574 519 593 dicenda*
535 578 564 592 est
582 574 684 599 regularis,
705 574 738 592 sed

65 605 94 624 illa
103 612 155 630 quae
170 612 204 629 per
217 605 297 624 eosdem
311 605 389 623 fundata
399 611 432 623 seu
442 609 551 624 constructa
560 605 585 624 sit
594 610 684 630 tanquam
695 612 739 630 pars

64 637 93 655 vel
108 636 217 655 membrum
233 637 342 655 monasterii
357 642 391 655 seu
401 641 506 655 conventus
516 644 534 656 ι.
550 637 570 655 In
581 637 665 656 themate
675 641 739 656 autem

64 668 146 687 ecclesia
161 668 179 686 S.
195 668 292 686 Laurentii
308 674 370 692 neque
384 668 462 686 fundata
476 668 510 686 suit
524 669 548 686 ab
562 668 741 693 Augustinianensi-

65 699 99 717 bus
114 705 178 723 neque
193 699 266 717 censeri
281 703 345 724 potest
359 699 385 717 uti
400 697 444 723 pars
459 700 566 718 necessaria
576 704 690 720 conventus:
706 699 740 718 sed

65 730 82 748 vi
92 730 153 748 initae
163 730 296 749 conventionis
305 730 372 749 iisdem
382 730 486 755 Religiosis
496 731 597 749 commissa
607 731 641 749 fuit
650 731 741 755 primario

66 765 86 780 ut
99 761 165 780 eidem
179 761 298 782 inservirent.
314 765 333 780 et
348 762 423 780 nonnisi
437 762 550 780 secundario
565 762 584 780 in
594 768 648 780 usum
658 768 742 780 eonven-

66 796 101 811 tus.
119 792 170 813 Hine
185 792 237 811 iuxta
252 796 359 818 patronum,
374 796 455 817 possunt
468 793 544 817 quidem
555 792 742 817 Augustinianenses

67 823 131 842 officia
144 823 278 842 conventualia
292 824 311 842 in
331 823 411 842 Basilica
429 823 532 842 Escurialis
550 823 608 842 libere
626 823 741 848 persolvere,

68 855 102 873 sed
117 855 182 879 quoad
196 855 292 879 publicum
307 855 366 880 ipsius
381 855 473 874 Basilicae
483 855 553 874 cultum
566 856 644 874 subesse
654 859 743 874 tenentur

68 886 194 905 iurisdictioni
201 886 296 905 Ordinarii
303 887 418 905 dioecesani.
426 887 508 908 Etenim,
517 891 565 906 teste
570 887 602 906 De
610 887 661 906 Luca
667 888 705 910 (loc.
711 888 742 905 cit.

69 923 86 935 ni
98 919 137 942 19),
156 924 166 935 ι
176 921 257 941 possunt
271 917 326 936 simul
341 921 398 939 stare,
409 917 485 942 aliquod
496 924 620 942 personarum
629 924 692 943 genus
701 924 743 937 esse

70 948 203 967 universaliter
217 952 327 973 exemptum
342 952 399 973 atque
409 949 480 967 habere
491 949 588 974 proprium
598 950 715 974 superiorem
725 954 744 968 et

70 979 185 1001 Praelatum,
200 984 220 998 et
234 984 298 999 tamen
313 980 331 998 in
346 980 402 999 certis
417 980 493 999 casibus
506 986 540 999 seu
555 981 579 999 ad
590 985 652 999 certos
666 981 745 999 effectus

71 1011 176 1030 Ordinatio
189 1010 225 1030 loci
241 1017 275 1029 seu
289 1011 343 1030 alteri
358 1011 444 1030 praelato
463 1012 571 1033 subiacere,
591 1016 612 1030 ut
629 1012 745 1037 generaliter

71 1042 166 1061 habemus
173 1043 198 1061 de
205 1042 334 1067 Regularibus
344 1042 423 1067 aliisque
433 1043 528 1067 exemptis
538 1044 670 1062 exercentibus
681 1050 745 1062 euram

72 1073 179 1092 animarum
193 1078 213 1092 et
227 1078 347 1092 sacramenta
357 1074 538 1096 administrantibus,
549 1074 601 1099 quod
616 1075 634 1093 in
649 1075 690 1093 istis
704 1075 747 1093 sub—

73 1104 136 1123 iacent
150 1105 257 1124 Ordinariis
266 1112 285 1123 ι.

114 1136 173 1154 Aliud
187 1140 322 1161 argumentum
336 1136 441 1155 advocatus
455 1136 538 1155 desumit
552 1143 577 1155 ex
592 1137 677 1161 precaria
687 1137 746 1155 eccle-
