915 1302
181 55 208 69 152
390 55 416 69 Ex
426 54 441 69 s.
451 54 571 75 Congregatr'om
578 55 638 69 Ritu-m

172 108 258 134 firmaii,
273 108 326 127 Tuto
334 108 413 133 procedi
420 108 482 133 possit
495 109 522 127 ad
533 109 631 127 solemnem
650 109 790 128 Venerabilium
806 110 848 128 Sera

178 147 246 159 varum
261 140 301 158 Dei
313 140 470 164 beatnficatsonem.

219 171 325 196 Martyrum
339 171 428 189 victorias
443 177 481 190 non
495 171 557 196 prisca
572 171 629 190 modo
647 171 745 190 Ecclesiae
761 175 849 196 tempora

178 206 285 224 recensent,
300 203 335 221 nei:
349 207 415 221 eorum
430 202 523 227 sanguine
537 202 615 221 dissitae
625 206 698 221 xantum
709 203 798 227 regiones
807 203 849 221 bar-

178 234 274 258 baraeque
289 234 363 253 rubent.
378 233 414 251 Vel
428 233 569 252 excultissimae
583 237 652 258 gentes
661 233 750 258 exemplo
759 240 795 252 suo
804 234 848 253 edo-

179 269 228 286 cent,
243 271 282 289 quo
296 264 412 283 crudelitatis
426 264 516 283 devenire
525 264 599 289 possint
610 264 673 289 pravis
682 264 773 283 doctrinis
782 271 849 284 excae-

179 296 217 315 ean·
231 296 323 317 homines.
338 299 358 314 et
371 295 437 320 quanti
451 295 568 314 aestimanda
583 295 612 316 sit.
627 299 701 314 remoto
720 295 769 317 Deo,
788 295 848 314 civilis

179 327 292 346 humanitas.
307 326 367 351 Viget
381 327 431 345 enim
446 333 495 351 pene
510 332 576 345 recens
592 327 683 345 memoria
702 327 796 352 supplicii,
812 328 847 349 cui,

179 359 214 377 sub
229 358 300 377 exitum
315 357 385 376 saeculi
399 364 446 376 xvul
461 358 541 377 traditae
555 362 600 376 sunt
613 358 637 376 ab
652 358 732 377 inimicis
746 358 849 384 ‘religionis

179 389 276 408 sexdecim
290 391 366 408 sor'ores
383 389 432 408 inter
451 389 584 408 Carmelitides
601 389 720 408 excalceatas
738 391 848 409 monasterii

179 420 340 445 Compendiensis
354 421 372 439 in
387 420 458 439 Gallia:
478 420 598 439 Venerabilis
616 421 653 439 Dei
670 421 729 440 Serva
743 421 823 440 Teresia
837 428 848 440 a

179 452 198 471 S.
213 452 323 477 Augustino
337 452 415 476 eiusque
430 452 510 473 sodales,
526 452 632 471 aemulatae
646 453 734 477 antiquos
749 457 847 477 martyres,

179 483 203 502 de
217 483 286 507 quibus
300 483 407 508 Cyprianus
422 483 466 508 (ΕΡ,
482 489 511 504 κν,
527 483 561 502 col.
578 484 656 508 va1n):
672 484 807 508 Evangelicam
821 484 848 502 di-

178 515 279 539 sciplinam
292 515 364 533 sincero
371 514 423 539 fidei
435 515 499 539 vigera
512 517 613 533 tenuerunt
625 518 642 533 et
656 515 763 539 incorrupta
780 515 849 534 honore

179 546 258 564 virtutis
272 552 314 564 cum
325 545 427 570 praeceptis
441 545 524 564 Domini
535 548 553 564 et
565 552 606 564 cum
620 546 707 570 apostolis
721 546 761 564 aius
767 546 850 570 fortiter

179 580 253 598 stanter,
268 579 364 595 nutantem
378 577 481 595 multorum
494 576 554 601 fidem
573 577 666 601 martyrii
682 577 716 595 sui
732 578 809 596 veritate
823 584 848 596 so-

179 608 272 626 lidarunl.

220 636 291 658 l-larum
305 639 400 664 virginum
415 639 470 660 sama.
485 639 543 664 longe
557 639 633 663 quidem
643 639 719 664 lateque
728 639 802 661 diffusa,
814 639 847 658 sed

180 670 344 695 Compendienses
357 670 407 695 apud
422 671 473 689 cives
488 670 546 689 multo
560 671 617 689 etiam
631 668 716 692 vividior,
727 671 807 689 testatur
816 671 848 689 ad-

179 702 221 723 huc.
237 702 319 726 ipsarum
334 702 439 723 caritatem,
454 706 592 726 paupertatem,
602 708 687 720 severam
697 702 808 727 disciplinae
818 709 848 721 eu-

179 733 267 754 stodiam,
282 733 367 752 omnium
381 733 416 751 sibi
430 739 515 752 amorem
525 732 641 752 conciliasse.
657 733 721 758 Atque
730 740 754 752 ea
763 733 848 758 profecto

178 764 229 782 virae
244 765 335 783 sanctitas
348 764 415 785 effecit.
431 768 452 782 ut
466 764 519 788 ipsae
528 764 599 789 dignae
608 764 723 783 haberentur
727 767 765 788 pro
774 765 848 783 nomine

179 795 222 813 lesu
236 795 366 814 contumeliam
376 795 425 819 pati.
441 795 459 813 A
475 795 594 819 nequissimis
608 795 693 820 tyrannis
708 801 741 820 per
750 795 788 814 vim
798 795 848 814 elau-

179 826 222 845 stris
236 831 314 851 ereprae
328 830 400 845 tantam
414 827 539 845 ostenderunt
555 827 573 845 in
589 827 626 845 fide
640 827 741 851 puritatem
755 831 775 845 et
788 827 807 845 in
822 827 848 845 in-

179 857 261 876 fortunio
275 858 332 876 animi
347 858 503 882 magnitudinem,
521 862 542 876 ut
555 858 585 877 vel
599 858 699 882 segniores
713 858 732 876 in
746 858 775 876 sui
790 858 848 877 admi-

179 888 272 907 rationem
287 892 380 913 raperent.
396 888 516 907 Difficillimis
530 889 647 913 temporibus
661 889 736 908 terrifici
748 889 790 907 eius
799 889 848 914 regi-

180 920 235 939 minis
250 924 352 944 potuerunt
365 924 385 939 et
398 920 482 945 religiosi
495 920 573 938 instituti
583 920 722 939 observantiam
732 926 775 939 cum
785 920 848 939 studio

179 952 309 976 proximorum
320 951 385 970 salutis
395 951 525 976 proeurandae
535 957 656 976 componere.
666 955 686 970 et
696 952 737 976 pias
746 951 848 970 industrias

179 983 198 1002 in
213 987 293 1007 utroque
307 983 369 1002 officio
383 989 457 1002 summa
467 989 509 1002 cum
519 983 619 1007 prudentia
631 983 762 1007 modestiaque
771 983 848 1001 coniun-

179 1020 231 1039 gere.
247 1014 403 1039 Comprehensae
421 1018 478 1039 atque
497 1014 516 1033 in
534 1014 608 1033 vincula
627 1014 720 1035 detrusae.
739 1020 777 1033 non
791 1014 847 1033 aliam

179 1046 204 1064 oh
219 1051 295 1064 eausam
310 1046 345 1064 nisi
360 1045 411 1070 quod
425 1045 482 1064 etiam
497 1045 590 1064 coenobio
603 1045 694 1069 depulsae
708 1049 812 1070 pergerent
821 1050 848 1064 re-

179 1076 248 1102 ligioso
262 1083 315 1095 more
329 1077 393 1096 vivere
407 1081 426 1095 et
444 1077 484 1095 Cor
503 1077 544 1095 lesu
563 1076 711 1095 sacratissimum
729 1076 808 1097 fervido,
828 1080 848 1095 ut

178 1112 229 1129 ante.
244 1108 294 1127 cultu
309 1108 404 1133 prosequi,
419 1108 542 1127 acerbissima
561 1114 648 1132 quaeque
667 1107 789 1132 pertulerunt.
810 1114 847 1126 non

180 1139 237 1158 modo
251 1139 343 1164 patientia
357 1139 454 1164 singulari,
469 1139 503 1158 sed
517 1139 574 1158 etiam
588 1139 641 1157 vultu
654 1139 679 1157 ad
693 1139 784 1157 laetitiam
797 1142 848 1158 com-
