915 1302
183 59 202 69 2⁰
416 55 442 70 lix
453 55 538 70 Secrelaria
550 56 621 70 Brevium

182 109 234 127 dium
248 109 310 127 honor
319 113 339 127 et
353 108 414 127 cultus
429 109 492 134 magis
502 109 602 134 magisque
612 109 630 127 in
640 109 681 128 dies
691 113 790 134 augeatur.
805 110 854 128 Cum

181 147 228 159 vero
242 147 253 159 a
267 140 337 159 dilecto
352 140 390 158 filio
405 140 483 159 Placido
497 140 576 159 Fabiani
587 140 675 159 Ministro
689 141 799 159 Provinciae
809 141 856 159 San-

182 175 224 190 ctae
239 171 306 190 Crucis
320 171 422 190 Carniolae
436 171 515 190 Ordinis
529 171 624 190 Minorum
638 172 733 196 supplices
747 172 808 191 Nobis
817 173 855 191 sint

182 203 279 221 adhibitae
294 209 366 227 preces,
382 202 495 221 Antistitum
510 202 630 224 Goritiensis,
645 203 748 228 Veglensis
762 207 781 222 et
796 204 856 222 Laba-

183 234 246 253 censis
259 234 310 253 votis
324 234 416 255 suffultae,
432 238 453 252 ut
467 234 566 258 templum,
585 234 637 259 quod
655 234 674 253 in
692 241 767 253 summo
784 235 855 254 Sancto

183 265 250 284 Monte
264 272 324 290 prope
339 265 411 284 Urbem
425 265 555 284 Goritiensem
569 266 665 290 Deiparae
680 266 755 291 Virgini
765 266 855 291 opiferae

183 297 266 315 dicatum
280 301 349 318 exstat,
365 303 415 316 nova
429 297 523 322 dignitate
542 297 682 321 maioribusque
700 297 805 322 privilegiis
825 304 856 316 co-

183 328 285 347 honestare
299 328 385 350 velimus,
400 329 441 347 Nos
455 328 491 352 piis
505 328 613 347 huiusmodi
623 329 694 353 optatis
703 328 768 347 libenti
778 329 855 353 quidem

183 359 248 378 animo
262 360 370 378 censuimus
388 359 564 378 obsecundandum.
589 359 648 384 quue
666 360 727 378 Nobis
743 366 856 384 persuasere

183 391 223 409 sive
238 390 288 409 illius
302 391 356 409 aedis
370 394 462 412 vetustas,
476 391 516 409 sive
531 390 615 410 fidelium
633 390 743 412 celebritas,
761 391 793 416 qui
812 390 856 410 illuc

184 422 286 446 quotannis
300 421 373 446 ingenti
389 428 468 440 numero
482 422 628 446 peregrinantes
638 428 694 446 opem
705 428 716 440 a
727 422 785 440 Beata
795 422 857 441 Maria

184 453 265 478 Virgine
279 453 387 478 implorant,
402 453 442 471 sive
455 453 514 472 etiam
528 453 628 477 privilegia
646 457 666 471 et
684 453 772 475 honores,
787 453 857 477 quibus

184 488 224 502 tum
238 484 321 503 Romani
336 484 436 503 Pontifices
451 484 570 505 Decessores
583 484 654 505 Nostri.
674 488 713 503 tum
731 484 822 503 carissimi
837 484 857 503 in

184 515 261 534 Christo
276 515 318 534 Filii
333 516 397 534 Nostri
408 516 497 534 Austriae
508 516 635 540 Imperatores
644 520 664 534 et
673 515 781 540 Apostoliei
791 516 857 540 Reges

185 546 235 565 idem
252 546 344 571 templum
361 547 413 565 omni
431 550 518 571 tempore
535 547 623 565 ditarunt.
651 547 693 565 Huc
714 547 788 565 accedit
804 547 857 571 quod

184 578 238 596 istius
252 578 344 597 ecclesiae
359 579 408 597 inter
422 578 554 597 celeberrimas
571 578 683 596 Austriaoae
693 578 777 597 Ditionis
789 578 858 596 adseri-

184 613 235 633 ptae,
250 613 341 628 venerata
356 609 453 634 Deiparae
468 609 553 634 Virginis
572 609 640 633 Imago
656 615 705 634 quae
723 606 798 628 summa
816 609 858 627 reli-

184 641 243 666 gione
257 640 328 660 ibidem
342 640 410 659 colitur
425 641 462 659 iam
476 640 521 659 inde
534 640 559 660 ab
573 647 623 659 anno
638 646 731 659 rmeexvn
745 647 769 659 ex
779 640 858 659 decreto

185 671 268 696 Capituli
283 671 370 690 Vaticani
385 678 443 690 aureo
453 671 561 690 diademate
571 675 638 690 ornata
651 672 680 690 sit.
696 672 772 695 Quibus
781 672 805 690 de
815 678 859 690 cau-

185 703 211 721 sis
226 709 292 722 omnes
306 707 326 721 et
340 703 432 728 singulos,
447 703 517 727 quibus
531 703 566 721 hae
581 703 655 721 litterae
670 703 751 721 Nostrae
761 703 830 723 favent,
847 709 858 721 a

185 734 283 759 quibusvis
297 734 430 753 ecclesiasticis
445 734 549 755 sententiis,
565 734 649 752 censuris
663 738 683 752 ez
697 734 769 758 poenis,
785 734 800 752 si
809 740 858 758 quas

185 765 233 784 forte
247 765 365 786 incurrerint,
381 765 437 783 huius
451 769 525 783 tantum
539 765 566 783 rei
580 765 642 789 gratia
656 765 778 783 absolventes
792 769 811 783 et
826 765 856 783 ab·

185 796 258 815 solutos
271 796 311 815 fore
325 800 430 817 censentes,
445 796 470 814 de
480 795 592 820 Apostolica
602 796 673 814 Nostra
682 796 795 814 auctoritate
804 801 859 820 prae-

186 828 268 846 sentium
285 828 304 846 vi
323 831 447 846 memoratam
473 826 572 845 ecclesiam
592 827 662 845 Beatae
680 827 753 845 Mariae
772 827 859 852 Virginis

185 859 295 878 Gratiarum
310 859 328 877 in
346 859 413 877 Monte
430 859 502 877 Sancto
520 858 576 877 sitam
594 865 655 883 prope
673 859 745 877 Urbem
764 858 858 877 Goritiam

187 890 279 909 Basilieae
293 890 373 909 Minoris
387 889 441 908 titulo
456 894 568 914 perpetuum
584 891 602 908 in
618 890 695 908 modum
705 896 803 915 augemus,
814 896 859 908 cun-

186 922 221 941 ctis
234 921 297 940 eidem
311 921 459 939 honorificentiis
473 927 496 940 ac
510 921 614 946 privilegiis
629 921 724 940 attributis
737 927 787 945 quae
798 921 858 940 Mino-

186 953 238 972 ribus
252 952 321 971 Almae
336 952 392 971 Urbis
407 952 492 971 Basilicis
505 953 530 971 de
544 953 584 971 iure
594 956 711 977 competunt.
726 952 859 971 Decernentes

187 988 297 1009 praesentes
311 984 383 1003 litteras
398 984 467 1005 firmas,
482 984 560 1004 validas,
575 984 663 1002 efficaces
676 984 768 1002 exsistere
782 990 805 1002 ae
819 983 858 1002 fore

186 1022 269 1040 suosque
283 1015 378 1040 plenarios
392 1019 412 1034 et
426 1015 512 1040 integrus
526 1015 603 1034 effectus
617 1015 680 1034 sortiri
694 1019 751 1039 atque
765 1015 858 1036 obtinere,

186 1047 259 1071 illisque
274 1047 298 1065 ad
313 1053 361 1071 quos
375 1051 449 1071 spectat
463 1043 483 1065 et
497 1047 515 1065 in
530 1047 613 1065 futurum
628 1047 722 1071 spectabit
736 1047 755 1065 in
769 1046 859 1065 omnibus

186 1082 205 1097 et
219 1084 253 1103 per
267 1075 339 1097 omnia'
345 1078 455 1102 plenissime
470 1078 575 1103 suffragari,
591 1078 656 1102 sicque
676 1084 710 1102 per
728 1083 859 1102 quoscumque

185 1109 258 1128 iudices
272 1110 378 1128 ordinarios
392 1113 412 1128 et
425 1109 527 1134 delegatos
541 1109 620 1128 iudicari
634 1115 656 1128 ac
666 1109 739 1128 definiri
749 1109 825 1129 debere,
837 1114 859 1126 ac

187 1142 259 1160 irritum
273 1145 293 1160 et
307 1141 368 1162 inane.
379 1141 395 1159 si
405 1147 461 1160 secus
470 1147 527 1164 super
537 1140 566 1159 his
575 1147 587 1159 a
596 1147 693 1165 quoquam
703 1140 770 1164 quavis
780 1139 860 1158 auetori-
