915 1302
365 47 422 61 Nauna
701 51 705 61 ι
711 48 717 62 5
721 47 728 61 3

99 102 172 121 Contra
186 102 234 120 hanc
248 101 370 120 collationem
384 101 431 120 alter
444 101 525 120 clericus
539 101 613 120 Basone
632 107 729 120 recursum

61 133 173 157 interposuit
186 133 237 157 apud
252 133 301 151 hanc
315 133 334 151 S.
350 132 378 154 C.¹
394 137 462 157 petens
476 139 519 151 eam
533 133 560 151 uti
580 132 649 151 nullam
668 132 729 151 decla-

61 164 95 182 rari
110 168 177 188 utpote
195 164 261 182 factam
281 162 346 183 contr'a
365 169 449 183 mentem
467 164 580 184 fundatoris.
595 164 628 188 qui
645 164 669 182 ad
685 170 728 183 eam

60 195 135 214 vocavit
149 195 228 214 elericos
242 195 356 220 originarios
370 195 442 219 oppidi.
458 195 546 220 Rogatus
555 195 663 219 Episcopus
673 194 730 214 Nola—

61 233 95 245 nus
110 227 134 245 ab
144 226 181 245 hac
191 227 209 245 S.
218 226 240 245 C.
248 226 273 245 de
287 233 322 245 sua
332 226 425 245 sententia
435 232 492 251 super
502 226 600 251 proposita
609 226 728 250 quaestione.

60 258 100 282 ipse
115 262 182 276 censet
195 264 219 276 ex
233 258 296 277 citatis
311 258 430 276 instrumenti
439 258 503 276 verbis
512 257 649 282 comprehendi
659 257 729 276 nedum

60 289 139 308 clericos
157 289 272 313 originarios
290 295 324 307 seu
341 289 416 308 nativos
436 289 502 313 oppidi
521 288 540 307 S.
555 288 679 308 Anastasiae,
695 289 730 307 sed

60 320 118 339 etiarn
132 320 277 339 domiciliarios:
292 327 304 339 e
317 325 384 339 contra
398 320 464 345 oppidi
479 320 584 345 municipes
593 320 628 339 rite
642 320 731 345 interpel-

60 352 92 371 lati
107 352 225 371 contendunt
240 352 258 370 in
273 352 357 370 themate
371 352 403 377 agi
417 352 442 370 de
455 357 503 370 vau
516 352 556 370 iure
571 352 631 371 civico
648 356 668 370 et
686 352 730 371 hinc

60 383 179 402 nominatum
194 383 269 402 Marino
279 389 321 402 esse
330 383 477 402 excludendum.
492 383 550 402 l-lisce
561 389 598 402 non
611 383 730 402 obstantibus

60 418 128 439 petunt
142 418 164 433 ut
177 414 275 439 utriusque
289 414 382 439 litigantis
396 414 488 433 interesse
502 414 621 436 concilietur,
638 414 672 433 sed
691 421 729 433 non

60 446 142 465 innuunt
155 452 193 470 qua
206 446 280 464 ratione
294 445 313 464 id
327 445 408 464 obtineri
422 445 490 464 valeat.

100 477 330 497 Animadversiones.
345 476 447 495 Praemitto
461 483 485 495 ex
500 476 564 501 rigore
578 476 624 496 iuris
633 477 693 496 civilis
701 477 731 496 ius

60 509 141 527 civicum
155 512 229 527 tantum
243 514 268 527 ex
282 508 357 533 origine
366 508 443 532 acquiri.
455 508 549 532 siquidem
559 508 612 527 iuxta
621 508 656 533 leg.
665 514 676 533 7
686 508 730 530 cod..

59 540 80 558 ds
95 540 149 558 incol.
166 540 221 564 origo
236 539 297 558 civem
311 539 360 561 facit,
372 543 392 558 et
401 539 517 558 domicilium
527 539 604 558 incolas.
616 539 654 558 Cfr.
666 539 732 558 D’An-

60 570 123 589 nibale
132 571 215 593 (Summ.
224 570 277 589 theol.
286 577 338 591 mor..
346 573 388 589 tom.
396 576 413 591 1,
421 577 439 589 n.
448 570 489 594 88);
498 570 556 589 Card.
564 570 595 589 De
602 571 655 589 Luca
665 571 731 595 (Man-

59 602 113 623 tissa,
124 605 167 620 lam.
177 607 197 626 4.
207 602 239 620 lib.
250 607 280 626 15,
290 601 326 621 dec.
337 601 378 625 80).
393 601 465 620 Verum
480 601 520 621 lato
533 608 589 620 sensu
607 608 641 620 seu
658 602 730 623 fictitio,

60 633 139 652 nornine
153 633 222 652 civium
237 633 337 651 usuvenire
351 633 408 652 etiam
428 633 490 652 solent
508 633 685 652 domiciliaresseu
705 633 731 652 in-

59 664 114 684 colae
129 668 150 683 ut
165 664 204 687 (loe.
215 664 255 689 cit)
269 664 352 689 explieat
366 664 417 683 idem
427 665 483 683 Card.
495 665 525 684 De
533 665 590 683 Luca.
601 665 690 684 Secundo
700 666 732 684 ad-

60 700 115 715 verto
129 696 187 720 quod,
202 696 246 714 licet
261 696 351 720 oppidum
366 696 384 716 S.
395 696 510 715 Anastasiae
525 697 580 715 unica
589 697 679 721 paroecia
688 702 732 715 con-

59 728 149 748 tineatur,
164 731 228 745 tamen
243 731 346 751 conceptus
360 731 380 746 et
394 733 468 746 nomen·
473 728 581 752 paroeciani
591 732 611 746 et
620 728 667 746 civis
676 727 731 746 valde

60 759 110 777 inter
124 765 145 777 se
160 758 253 779 differunt.
269 764 311 777 cum
326 758 371 777 illud
386 758 441 777 latius
457 762 527 783 pateat.
553 758 610 777 Hisce
628 758 732 777 enucleatis

60 789 169 814 disquisitio
184 790 203 808 in
217 790 301 808 themate
315 790 339 808 ad
354 790 391 809 hoc
407 790 508 811 reducitur,
526 796 595 814 nempe
610 794 672 809 utrum
691 790 733 808 fun—

60 822 117 840 dator
131 821 156 840 ad
170 821 309 846 cappellaniam
327 822 424 840 vocaverit
437 826 511 840 tantum
526 822 605 840 clericos
619 821 733 846 originarios

61 859 95 878 seu
109 853 163 871 cives
176 853 222 871 dicti
232 852 303 877 oppidi,
313 852 344 871 vel
353 853 410 871 etiam
421 853 493 871 incolas
502 859 536 872 seu
546 859 614 872 omnes
623 853 732 871 indistincte

61 884 142 903 clericos
156 884 256 908 paroeciae
270 883 356 908 legitime
371 883 482 908 adscriptos¹

102 916 139 934 Pro
160 915 244 934 secunda
267 915 302 934 hae
324 915 479 939 interpretatione
501 914 611 940 recipienda
634 915 733 939 sequentia

61 947 151 965 videntur
165 952 222 971 posse
236 946 311 966 adduci.
327 946 390 965 Primo
405 952 440 967 res,
450 946 475 965 de
485 952 523 971 qua
532 946 600 971 agitur,
612 952 645 965 seu
657 946 733 970 cappel-

62 978 112 996 lania
126 982 157 996 est
171 978 250 996 materia
264 977 378 997 favorabilis.
393 978 453 1002 Atqui
468 982 534 996 notum
547 982 577 996 est
590 978 609 996 in
629 977 734 996 favorabili-

62 1010 98 1028 bus
112 1010 190 1029 nomine
204 1009 273 1028 civium
288 1009 423 1033 comprehendi
434 1009 504 1027 nedum
515 1013 570 1028 natos
579 1015 603 1027 ex
613 1009 689 1027 civitate
700 1009 733 1027 sed

63 1041 119 1059 etiam
133 1046 178 1059 earn
193 1040 303 1061 incolentes.
319 1040 345 1058 ita
359 1044 380 1059 ut
393 1040 418 1058 ad
432 1040 525 1059 beneficia
534 1040 564 1058 vel
574 1039 611 1058 alia
620 1039 734 1064 compendia

63 1072 136 1091 civibus
150 1072 222 1092 relicta,
237 1071 295 1090 etiarn
310 1071 383 1090 incolae
401 1077 434 1089 seu
454 1071 485 1095 qui
504 1071 600 1090 civitatem
619 1075 692 1090 tantum
710 1077 734 1090 ex

64 1103 145 1122 incolatu
160 1103 284 1127 acquisierint
297 1102 426 1124 admittantur.
443 1107 463 1120 ut
472 1106 525 1121 tenet
534 1102 631 1121 Lotterius
641 1102 670 1125 (dc
679 1109 699 1121 re
708 1102 734 1121 be-

65 1134 105 1157 nef..
119 1135 152 1153 lib.
164 1140 180 1155 1,
190 1136 259 1159 quaest.
269 1139 301 1158 25·
312 1140 331 1153 n.
341 1133 381 1158 78);
392 1133 493 1158 Pignatelli
505 1135 555 1157 (tom.
564 1139 582 1158 7,
592 1140 639 1152 cons.
648 1135 672 1157 ι);
684 1134 734 1152 Rota
