<?xml version="1.0" encoding="UTF-8"?>
<!DOCTYPE html PUBLIC "-//W3C//DTD XHTML 1.0 Transitional//EN"
    "http://www.w3.org/TR/xhtml1/DTD/xhtml1-transitional.dtd">
<html xmlns="http://www.w3.org/1999/xhtml" xml:lang="en" lang="en">
 <head>
  <title>
</title>
<meta http-equiv="Content-Type" content="text/html;charset=utf-8" />
  <meta name='ocr-system' content='tesseract 3.04.00' />
  <meta name='ocr-capabilities' content='ocr_page ocr_carea ocr_par ocr_line ocrx_word'/>
</head>
<body>
  <div class='ocr_page' id='page_1' title='image "actasanctaesedi05unkngoog_0055.png"; bbox 0 0 915 1302; ppageno 0'>
   <div class='ocr_carea' id='block_1_1' title="bbox 175 61 639 82">
    <p class='ocr_par' dir='ltr' id='par_1_1' title="bbox 175 61 639 82">
     <span class='ocr_line' id='line_1_1' title="bbox 175 61 639 82; baseline 0.002 -7"><span class='ocrx_word' id='word_1_1' title='bbox 175 62 193 75; x_wconf 82' lang='grc' dir='ltr'>5ο</span> <span class='ocrx_word' id='word_1_2' title='bbox 389 61 415 76; x_wconf 77' lang='lat' dir='ltr'>Ex</span> <span class='ocrx_word' id='word_1_3' title='bbox 426 62 440 76; x_wconf 81' lang='lat' dir='ltr'>S.</span> <span class='ocrx_word' id='word_1_4' title='bbox 449 62 569 82; x_wconf 67' lang='lat' dir='ltr'>Cor-greganiam</span> <span class='ocrx_word' id='word_1_5' title='bbox 579 62 639 76; x_wconf 79' lang='lat' dir='ltr'>Rimum</span> 
     </span>
    </p>
   </div>
   <div class='ocr_carea' id='block_1_2' title="bbox 175 89 847 92">
    <p class='ocr_par' dir='ltr' id='par_1_2' title="bbox 175 89 847 92">
     <span class='ocr_line' id='line_1_2' title="bbox 175 89 847 92; baseline 0 0"><span class='ocrx_word' id='word_1_6' title='bbox 175 89 847 92; x_wconf 95' lang='lat' dir='ltr'> </span> 
     </span>
    </p>
   </div>
   <div class='ocr_carea' id='block_1_3' title="bbox 172 117 849 1172">
    <p class='ocr_par' dir='ltr' id='par_1_3' title="bbox 173 117 849 547">
     <span class='ocr_line' id='line_1_3' title="bbox 174 117 846 142; baseline 0 -7"><span class='ocrx_word' id='word_1_7' title='bbox 174 117 274 141; x_wconf 79' lang='lat' dir='ltr'>angustias</span> <span class='ocrx_word' id='word_1_8' title='bbox 287 121 363 135; x_wconf 81' lang='lat' dir='ltr'>versata</span> <span class='ocrx_word' id='word_1_9' title='bbox 377 121 411 138; x_wconf 80' lang='lat' dir='ltr'>est.</span> <span class='ocrx_word' id='word_1_10' title='bbox 427 121 447 135; x_wconf 88' lang='lat' dir='ltr'>et</span> <span class='ocrx_word' id='word_1_11' title='bbox 461 117 507 135; x_wconf 89' lang='lat' dir='ltr'>mira</span> <span class='ocrx_word' id='word_1_12' title='bbox 521 117 617 141; x_wconf 68' lang='lat' dir='ltr'>patientia,</span> <span class='ocrx_word' id='word_1_13' title='bbox 633 123 670 142; x_wconf 76' lang='lat' dir='ltr'>qua</span> <span class='ocrx_word' id='word_1_14' title='bbox 684 123 742 141; x_wconf 88' lang='lat' dir='ltr'>quum</span> <span class='ocrx_word' id='word_1_15' title='bbox 761 117 846 136; x_wconf 83' lang='lat' dir='ltr'>crurium</span> 
     </span>
     <span class='ocr_line' id='line_1_4' title="bbox 173 147 846 173; baseline 0.001 -7"><span class='ocrx_word' id='word_1_16' title='bbox 173 148 276 172; x_wconf 79' lang='lat' dir='ltr'>paralysim</span> <span class='ocrx_word' id='word_1_17' title='bbox 291 148 378 167; x_wconf 83' lang='lat' dir='ltr'>toleravit</span> <span class='ocrx_word' id='word_1_18' title='bbox 392 147 455 166; x_wconf 83' lang='lat' dir='ltr'>adfixa</span> <span class='ocrx_word' id='word_1_19' title='bbox 469 147 538 167; x_wconf 86' lang='lat' dir='ltr'>lectulo</span> <span class='ocrx_word' id='word_1_20' title='bbox 551 154 586 173; x_wconf 84' lang='lat' dir='ltr'>per</span> <span class='ocrx_word' id='word_1_21' title='bbox 600 154 660 167; x_wconf 78' lang='lat' dir='ltr'>annos</span> <span class='ocrx_word' id='word_1_22' title='bbox 674 148 722 167; x_wconf 79' lang='lat' dir='ltr'>duos</span> <span class='ocrx_word' id='word_1_23' title='bbox 736 154 758 167; x_wconf 77' lang='lat' dir='ltr'>ac</span> <span class='ocrx_word' id='word_1_24' title='bbox 768 149 846 173; x_wconf 79' lang='lat' dir='ltr'>viginti,</span> 
     </span>
     <span class='ocr_line' id='line_1_5' title="bbox 174 179 847 204; baseline 0.001 -7"><span class='ocrx_word' id='word_1_25' title='bbox 174 183 214 198; x_wconf 84' lang='lat' dir='ltr'>tum</span> <span class='ocrx_word' id='word_1_26' title='bbox 229 179 285 198; x_wconf 76' lang='lat' dir='ltr'>etiarn</span> <span class='ocrx_word' id='word_1_27' title='bbox 300 179 403 198; x_wconf 77' lang='lat' dir='ltr'>conflatum</span> <span class='ocrx_word' id='word_1_28' title='bbox 417 179 436 197; x_wconf 93' lang='lat' dir='ltr'>in</span> <span class='ocrx_word' id='word_1_29' title='bbox 451 185 471 197; x_wconf 91' lang='lat' dir='ltr'>se</span> <span class='ocrx_word' id='word_1_30' title='bbox 486 179 566 203; x_wconf 69' lang='lat' dir='ltr'>capitale</span> <span class='ocrx_word' id='word_1_31' title='bbox 581 179 645 198; x_wconf 86' lang='lat' dir='ltr'>odium</span> <span class='ocrx_word' id='word_1_32' title='bbox 655 180 743 198; x_wconf 77' lang='lat' dir='ltr'>sustinuit</span> <span class='ocrx_word' id='word_1_33' title='bbox 752 180 847 204; x_wconf 87' lang='lat' dir='ltr'>pessimo-</span> 
     </span>
     <span class='ocr_line' id='line_1_6' title="bbox 173 210 848 235; baseline 0.001 -7"><span class='ocrx_word' id='word_1_34' title='bbox 173 217 215 229; x_wconf 85' lang='lat' dir='ltr'>rum</span> <span class='ocrx_word' id='word_1_35' title='bbox 230 210 332 229; x_wconf 85' lang='lat' dir='ltr'>hominum.</span> <span class='ocrx_word' id='word_1_36' title='bbox 348 210 387 229; x_wconf 83' lang='lat' dir='ltr'>Tot</span> <span class='ocrx_word' id='word_1_37' title='bbox 400 210 485 229; x_wconf 87' lang='lat' dir='ltr'>adversis</span> <span class='ocrx_word' id='word_1_38' title='bbox 500 211 584 229; x_wconf 85' lang='lat' dir='ltr'>exercita</span> <span class='ocrx_word' id='word_1_39' title='bbox 598 211 691 235; x_wconf 80' lang='lat' dir='ltr'>planeque</span> <span class='ocrx_word' id='word_1_40' title='bbox 701 211 780 232; x_wconf 82' lang='lat' dir='ltr'>erudita,</span> <span class='ocrx_word' id='word_1_41' title='bbox 791 211 848 230; x_wconf 84' lang='lat' dir='ltr'>adiu-</span> 
     </span>
     <span class='ocr_line' id='line_1_7' title="bbox 173 241 848 267; baseline 0 -7"><span class='ocrx_word' id='word_1_42' title='bbox 173 245 215 260; x_wconf 83' lang='lat' dir='ltr'>tore</span> <span class='ocrx_word' id='word_1_43' title='bbox 229 248 251 260; x_wconf 82' lang='lat' dir='ltr'>ac</span> <span class='ocrx_word' id='word_1_44' title='bbox 266 241 314 260; x_wconf 84' lang='lat' dir='ltr'>duee</span> <span class='ocrx_word' id='word_1_45' title='bbox 332 241 355 260; x_wconf 90' lang='lat' dir='ltr'>R.</span> <span class='ocrx_word' id='word_1_46' title='bbox 371 242 392 260; x_wconf 85' lang='lat' dir='ltr'>P.</span> <span class='ocrx_word' id='word_1_47' title='bbox 406 241 464 260; x_wconf 82' lang='lat' dir='ltr'>Varin</span> <span class='ocrx_word' id='word_1_48' title='bbox 484 242 504 260; x_wconf 91' lang='lat' dir='ltr'>S.</span> <span class='ocrx_word' id='word_1_49' title='bbox 521 242 544 264; x_wconf 80' lang='lat' dir='ltr'>L,</span> <span class='ocrx_word' id='word_1_50' title='bbox 566 242 743 267; x_wconf 85' lang='lat' dir='ltr'>Congregationem</span> <span class='ocrx_word' id='word_1_51' title='bbox 762 242 848 261; x_wconf 82' lang='lat' dir='ltr'>instituit</span> 
     </span>
     <span class='ocr_line' id='line_1_8' title="bbox 173 273 848 298; baseline 0.001 -7"><span class='ocrx_word' id='word_1_52' title='bbox 173 273 264 292; x_wconf 87' lang='lat' dir='ltr'>Sororum</span> <span class='ocrx_word' id='word_1_53' title='bbox 279 273 300 291; x_wconf 89' lang='grc' dir='ltr'>Β.</span> <span class='ocrx_word' id='word_1_54' title='bbox 310 273 383 292; x_wconf 77' lang='lat' dir='ltr'>Mariae</span> <span class='ocrx_word' id='word_1_55' title='bbox 392 273 482 298; x_wconf 76' lang='lat' dir='ltr'>Virginis,</span> <span class='ocrx_word' id='word_1_56' title='bbox 494 274 591 298; x_wconf 88' lang='lat' dir='ltr'>proposita</span> <span class='ocrx_word' id='word_1_57' title='bbox 601 273 636 292; x_wconf 91' lang='lat' dir='ltr'>sibi</span> <span class='ocrx_word' id='word_1_58' title='bbox 646 273 729 292; x_wconf 84' lang='lat' dir='ltr'>maxime</span> <span class='ocrx_word' id='word_1_59' title='bbox 741 273 848 292; x_wconf 72' lang='lat' dir='ltr'>christiana</span> 
     </span>
     <span class='ocr_line' id='line_1_9' title="bbox 173 304 848 329; baseline 0.001 -7"><span class='ocrx_word' id='word_1_60' title='bbox 173 304 278 328; x_wconf 83' lang='lat' dir='ltr'>puellarum</span> <span class='ocrx_word' id='word_1_61' title='bbox 292 304 415 325; x_wconf 80' lang='lat' dir='ltr'>edueatinne;</span> <span class='ocrx_word' id='word_1_62' title='bbox 431 305 540 329; x_wconf 81' lang='lat' dir='ltr'>frugiferum</span> <span class='ocrx_word' id='word_1_63' title='bbox 554 311 600 323; x_wconf 87' lang='lat' dir='ltr'>sane</span> <span class='ocrx_word' id='word_1_64' title='bbox 618 311 673 329; x_wconf 88' lang='lat' dir='ltr'>opus,</span> <span class='ocrx_word' id='word_1_65' title='bbox 692 304 744 329; x_wconf 88' lang='lat' dir='ltr'>quod</span> <span class='ocrx_word' id='word_1_66' title='bbox 762 311 796 329; x_wconf 89' lang='lat' dir='ltr'>per</span> <span class='ocrx_word' id='word_1_67' title='bbox 814 308 848 323; x_wconf 73' lang='lat' dir='ltr'>tot</span> 
     </span>
     <span class='ocr_line' id='line_1_10' title="bbox 173 335 849 362; baseline 0.001 -9"><span class='ocrx_word' id='word_1_68' title='bbox 173 335 233 353; x_wconf 88' lang='lat' dir='ltr'>ardua</span> <span class='ocrx_word' id='word_1_69' title='bbox 247 335 305 356; x_wconf 80' lang='lat' dir='ltr'>initia.</span> <span class='ocrx_word' id='word_1_70' title='bbox 321 341 355 362; x_wconf 73' lang='lat' dir='ltr'>per</span> <span class='ocrx_word' id='word_1_71' title='bbox 369 339 398 354; x_wconf 89' lang='lat' dir='ltr'>tot</span> <span class='ocrx_word' id='word_1_72' title='bbox 411 336 552 354; x_wconf 78' lang='lat' dir='ltr'>adversantium</span> <span class='ocrx_word' id='word_1_73' title='bbox 567 336 641 354; x_wconf 77' lang='lat' dir='ltr'>obiecta</span> <span class='ocrx_word' id='word_1_74' title='bbox 656 336 798 360; x_wconf 82' lang='lat' dir='ltr'>impedimenta.</span> <span class='ocrx_word' id='word_1_75' title='bbox 809 342 849 360; x_wconf 75' lang='lat' dir='ltr'>per</span> 
     </span>
     <span class='ocr_line' id='line_1_11' title="bbox 173 366 845 392; baseline 0 -7"><span class='ocrx_word' id='word_1_76' title='bbox 173 370 202 385; x_wconf 81' lang='lat' dir='ltr'>tot</span> <span class='ocrx_word' id='word_1_77' title='bbox 212 366 320 385; x_wconf 82' lang='lat' dir='ltr'>exantlatos</span> <span class='ocrx_word' id='word_1_78' title='bbox 334 373 390 385; x_wconf 85' lang='lat' dir='ltr'>omne</span> <span class='ocrx_word' id='word_1_79' title='bbox 400 373 462 391; x_wconf 80' lang='lat' dir='ltr'>genus</span> <span class='ocrx_word' id='word_1_80' title='bbox 471 367 546 385; x_wconf 86' lang='lat' dir='ltr'>labores</span> <span class='ocrx_word' id='word_1_81' title='bbox 556 366 613 392; x_wconf 84' lang='lat' dir='ltr'>longe</span> <span class='ocrx_word' id='word_1_82' title='bbox 623 367 698 391; x_wconf 85' lang='lat' dir='ltr'>lateque</span> <span class='ocrx_word' id='word_1_83' title='bbox 708 371 845 391; x_wconf 80' lang='lat' dir='ltr'>propagatum,</span> 
     </span>
     <span class='ocr_line' id='line_1_12' title="bbox 173 395 844 423; baseline 0 -7"><span class='ocrx_word' id='word_1_84' title='bbox 173 397 197 416; x_wconf 81' lang='lat' dir='ltr'>ad</span> <span class='ocrx_word' id='word_1_85' title='bbox 212 402 288 416; x_wconf 86' lang='lat' dir='ltr'>nostros</span> <span class='ocrx_word' id='word_1_86' title='bbox 302 404 362 422; x_wconf 84' lang='lat' dir='ltr'>usque</span> <span class='ocrx_word' id='word_1_87' title='bbox 377 398 418 416; x_wconf 90' lang='lat' dir='ltr'>dies</span> <span class='ocrx_word' id='word_1_88' title='bbox 432 395 585 416; x_wconf 78' lang='lat' dir='ltr'>florentissimum</span> <span class='ocrx_word' id='word_1_89' title='bbox 599 398 653 423; x_wconf 82' lang='lat' dir='ltr'>viget</span> <span class='ocrx_word' id='word_1_90' title='bbox 667 398 691 416; x_wconf 84' lang='lat' dir='ltr'>ad</span> <span class='ocrx_word' id='word_1_91' title='bbox 704 397 801 416; x_wconf 79' lang='lat' dir='ltr'>Ecclesiae</span> <span class='ocrx_word' id='word_1_92' title='bbox 811 398 844 416; x_wconf 90' lang='lat' dir='ltr'>de-</span> 
     </span>
     <span class='ocr_line' id='line_1_13' title="bbox 173 429 845 453; baseline 0 -6"><span class='ocrx_word' id='word_1_93' title='bbox 173 435 207 448; x_wconf 81' lang='lat' dir='ltr'>cus</span> <span class='ocrx_word' id='word_1_94' title='bbox 214 434 233 448; x_wconf 90' lang='lat' dir='ltr'>et</span> <span class='ocrx_word' id='word_1_95' title='bbox 246 429 359 448; x_wconf 78' lang='lat' dir='ltr'>christianae</span> <span class='ocrx_word' id='word_1_96' title='bbox 367 429 454 447; x_wconf 85' lang='lat' dir='ltr'>solatium</span> <span class='ocrx_word' id='word_1_97' title='bbox 465 429 567 450; x_wconf 81' lang='lat' dir='ltr'>societatis,</span> <span class='ocrx_word' id='word_1_98' title='bbox 579 429 673 453; x_wconf 86' lang='lat' dir='ltr'>siquidem</span> <span class='ocrx_word' id='word_1_99' title='bbox 685 429 707 448; x_wconf 71' lang='lat' dir='ltr'>in</span> <span class='ocrx_word' id='word_1_100' title='bbox 721 429 773 447; x_wconf 80' lang='lat' dir='ltr'>bonis</span> <span class='ocrx_word' id='word_1_101' title='bbox 787 429 845 447; x_wconf 77' lang='lat' dir='ltr'>iusto-</span> 
     </span>
     <span class='ocr_line' id='line_1_14' title="bbox 173 460 847 485; baseline 0 -7"><span class='ocrx_word' id='word_1_102' title='bbox 173 467 217 478; x_wconf 78' lang='lat' dir='ltr'>rum</span> <span class='ocrx_word' id='word_1_103' title='bbox 226 460 320 479; x_wconf 77' lang='lat' dir='ltr'>exultabi!</span> <span class='ocrx_word' id='word_1_104' title='bbox 328 460 408 480; x_wconf 62' lang='lat' dir='ltr'>cnn&#39;tas:</span> <span class='ocrx_word' id='word_1_105' title='bbox 419 460 482 485; x_wconf 82' lang='lat' dir='ltr'>(Prov.</span> <span class='ocrx_word' id='word_1_106' title='bbox 492 467 517 481; x_wconf 82' lang='grc' dir='ltr'>ΧΙ.</span> <span class='ocrx_word' id='word_1_107' title='bbox 531 461 569 485; x_wconf 88' lang='lat'>10).</span> <span class='ocrx_word' id='word_1_108' title='bbox 580 460 688 482; x_wconf 78' lang='lat' dir='ltr'>Praeclaris,</span> <span class='ocrx_word' id='word_1_109' title='bbox 698 467 746 485; x_wconf 78' lang='lat' dir='ltr'>quas</span> <span class='ocrx_word' id='word_1_110' title='bbox 760 460 791 478; x_wconf 88' lang='lat' dir='ltr'>vix</span> <span class='ocrx_word' id='word_1_111' title='bbox 801 460 847 478; x_wconf 82' lang='lat' dir='ltr'>atti-</span> 
     </span>
     <span class='ocr_line' id='line_1_15' title="bbox 173 491 848 517; baseline 0 -7"><span class='ocrx_word' id='word_1_112' title='bbox 173 492 242 517; x_wconf 84' lang='lat' dir='ltr'>gimus,</span> <span class='ocrx_word' id='word_1_113' title='bbox 257 495 328 511; x_wconf 73' lang='lat' dir='ltr'>ornata‘</span> <span class='ocrx_word' id='word_1_114' title='bbox 337 492 438 510; x_wconf 83' lang='lat' dir='ltr'>virtutibus</span> <span class='ocrx_word' id='word_1_115' title='bbox 452 498 474 510; x_wconf 77' lang='lat' dir='ltr'>ac</span> <span class='ocrx_word' id='word_1_116' title='bbox 484 492 555 510; x_wconf 81' lang='lat' dir='ltr'>meritis</span> <span class='ocrx_word' id='word_1_117' title='bbox 565 491 664 513; x_wconf 74' lang='lat' dir='ltr'>cumulata,</span> <span class='ocrx_word' id='word_1_118' title='bbox 675 492 753 511; x_wconf 79' lang='lat' dir='ltr'>tandem</span> <span class='ocrx_word' id='word_1_119' title='bbox 763 492 787 510; x_wconf 87' lang='lat' dir='ltr'>ab</span> <span class='ocrx_word' id='word_1_120' title='bbox 798 498 848 510; x_wconf 66' lang='lat' dir='ltr'>nun-</span> 
     </span>
     <span class='ocr_line' id='line_1_16' title="bbox 173 522 845 547; baseline 0 -6"><span class='ocrx_word' id='word_1_121' title='bbox 173 529 229 547; x_wconf 87' lang='lat' dir='ltr'>quam</span> <span class='ocrx_word' id='word_1_122' title='bbox 240 523 351 541; x_wconf 81' lang='lat' dir='ltr'>intermissis</span> <span class='ocrx_word' id='word_1_123' title='bbox 360 522 457 541; x_wconf 81' lang='lat' dir='ltr'>laboribus</span> <span class='ocrx_word' id='word_1_124' title='bbox 469 523 561 547; x_wconf 85' lang='lat' dir='ltr'>requievit</span> <span class='ocrx_word' id='word_1_125' title='bbox 570 529 590 542; x_wconf 84' lang='lat' dir='ltr'>v1</span> <span class='ocrx_word' id='word_1_126' title='bbox 600 523 624 541; x_wconf 90' lang='lat' dir='ltr'>id.</span> <span class='ocrx_word' id='word_1_127' title='bbox 635 523 683 547; x_wconf 87' lang='lat' dir='ltr'>Apr.</span> <span class='ocrx_word' id='word_1_128' title='bbox 693 529 724 542; x_wconf 79' lang='lat' dir='ltr'>an.</span> <span class='ocrx_word' id='word_1_129' title='bbox 738 529 845 542; x_wconf 64' lang='lat' dir='ltr'>mucccxvx.</span> 
     </span>
    </p>

    <p class='ocr_par' dir='ltr' id='par_1_4' title="bbox 172 554 847 828">
     <span class='ocr_line' id='line_1_17' title="bbox 214 554 846 579; baseline 0.002 -7"><span class='ocrx_word' id='word_1_130' title='bbox 214 554 309 572; x_wconf 86' lang='lat' dir='ltr'>Eximiam</span> <span class='ocrx_word' id='word_1_131' title='bbox 324 554 382 573; x_wconf 85' lang='lat' dir='ltr'>Iuliae</span> <span class='ocrx_word' id='word_1_132' title='bbox 397 554 515 573; x_wconf 86' lang='lat' dir='ltr'>sanctitatem</span> <span class='ocrx_word' id='word_1_133' title='bbox 530 559 610 579; x_wconf 83' lang='lat' dir='ltr'>sequuta</span> <span class='ocrx_word' id='word_1_134' title='bbox 624 555 682 573; x_wconf 87' lang='lat' dir='ltr'>etiam</span> <span class='ocrx_word' id='word_1_135' title='bbox 697 559 740 579; x_wconf 85' lang='lat' dir='ltr'>post</span> <span class='ocrx_word' id='word_1_136' title='bbox 754 554 794 573; x_wconf 87' lang='lat' dir='ltr'>eius</span> <span class='ocrx_word' id='word_1_137' title='bbox 804 554 846 572; x_wconf 86' lang='lat' dir='ltr'>obi—</span> 
     </span>
     <span class='ocr_line' id='line_1_18' title="bbox 172 585 844 610; baseline 0 -6"><span class='ocrx_word' id='word_1_138' title='bbox 172 590 212 604; x_wconf 85' lang='lat' dir='ltr'>tum</span> <span class='ocrx_word' id='word_1_139' title='bbox 227 585 318 604; x_wconf 76' lang='lat' dir='ltr'>miracula</span> <span class='ocrx_word' id='word_1_140' title='bbox 332 585 472 607; x_wconf 68' lang='lat' dir='ltr'>confirmarunt,</span> <span class='ocrx_word' id='word_1_141' title='bbox 483 586 524 604; x_wconf 92' lang='lat' dir='ltr'>eius</span> <span class='ocrx_word' id='word_1_142' title='bbox 538 590 615 610; x_wconf 78' lang='lat' dir='ltr'>precatu</span> <span class='ocrx_word' id='word_1_143' title='bbox 626 586 651 604; x_wconf 80' lang='lat' dir='ltr'>ab</span> <span class='ocrx_word' id='word_1_144' title='bbox 661 586 705 610; x_wconf 88' lang='lat' dir='ltr'>Ipso</span> <span class='ocrx_word' id='word_1_145' title='bbox 719 589 798 610; x_wconf 70' lang='lat' dir='ltr'>pan-am,</span> <span class='ocrx_word' id='word_1_146' title='bbox 810 585 844 610; x_wconf 86' lang='lat' dir='ltr'>qui</span> 
     </span>
     <span class='ocr_line' id='line_1_19' title="bbox 173 616 843 641; baseline 0 -6"><span class='ocrx_word' id='word_1_147' title='bbox 173 617 286 635; x_wconf 74' lang='lat' dir='ltr'>voluntatem</span> <span class='ocrx_word' id='word_1_148' title='bbox 299 617 407 635; x_wconf 70' lang='lat' dir='ltr'>timentium</span> <span class='ocrx_word' id='word_1_149' title='bbox 420 623 439 635; x_wconf 75' lang='lat' dir='ltr'>se</span> <span class='ocrx_word' id='word_1_150' title='bbox 446 616 508 640; x_wconf 80' lang='lat' dir='ltr'>faciet</span> <span class='ocrx_word' id='word_1_151' title='bbox 521 620 538 635; x_wconf 70' lang='lat' dir='ltr'>et</span> <span class='ocrx_word' id='word_1_152' title='bbox 551 617 695 641; x_wconf 71' lang='lat' dir='ltr'>depracationem</span> <span class='ocrx_word' id='word_1_153' title='bbox 708 623 772 635; x_wconf 76' lang='lat' dir='ltr'>torum</span> <span class='ocrx_word' id='word_1_154' title='bbox 785 623 843 635; x_wconf 75' lang='lat' dir='ltr'>exau—</span> 
     </span>
     <span class='ocr_line' id='line_1_20' title="bbox 172 647 845 673; baseline 0 -7"><span class='ocrx_word' id='word_1_155' title='bbox 172 648 218 668; x_wconf 72' lang='lat' dir='ltr'>diet:</span> <span class='ocrx_word' id='word_1_156' title='bbox 233 648 271 673; x_wconf 30' lang='lat' dir='ltr'>(Psi</span> <span class='ocrx_word' id='word_1_157' title='bbox 282 654 344 669; x_wconf 77' lang='lat' dir='ltr'>cxi-iv,</span> <span class='ocrx_word' id='word_1_158' title='bbox 358 648 396 672; x_wconf 82' lang='lat'>19).</span> <span class='ocrx_word' id='word_1_159' title='bbox 411 648 477 672; x_wconf 79' lang='lat' dir='ltr'>Itaque</span> <span class='ocrx_word' id='word_1_160' title='bbox 484 652 528 672; x_wconf 85' lang='lat' dir='ltr'>post</span> <span class='ocrx_word' id='word_1_161' title='bbox 537 648 608 667; x_wconf 87' lang='lat' dir='ltr'>editum</span> <span class='ocrx_word' id='word_1_162' title='bbox 618 655 629 666; x_wconf 86' lang='lat' dir='ltr'>a</span> <span class='ocrx_word' id='word_1_163' title='bbox 639 654 666 667; x_wconf 80' lang='lat' dir='ltr'>sa.</span> <span class='ocrx_word' id='word_1_164' title='bbox 678 654 713 667; x_wconf 85' lang='lat' dir='ltr'>me.</span> <span class='ocrx_word' id='word_1_165' title='bbox 724 648 789 667; x_wconf 83' lang='lat' dir='ltr'>Leone</span> <span class='ocrx_word' id='word_1_166' title='bbox 798 647 845 666; x_wconf 84' lang='lat' dir='ltr'>XIII</span> 
     </span>
     <span class='ocr_line' id='line_1_21' title="bbox 173 679 847 704; baseline 0 -7"><span class='ocrx_word' id='word_1_167' title='bbox 173 679 269 698; x_wconf 82' lang='lat' dir='ltr'>decretum</span> <span class='ocrx_word' id='word_1_168' title='bbox 286 685 320 698; x_wconf 81' lang='lat' dir='ltr'>vm</span> <span class='ocrx_word' id='word_1_169' title='bbox 334 679 377 698; x_wconf 82' lang='lat' dir='ltr'>idus</span> <span class='ocrx_word' id='word_1_170' title='bbox 395 679 475 698; x_wconf 80' lang='lat' dir='ltr'>Ianuarii</span> <span class='ocrx_word' id='word_1_171' title='bbox 494 686 524 698; x_wconf 63' lang='lat' dir='ltr'>an⁴</span> <span class='ocrx_word' id='word_1_172' title='bbox 543 685 642 699; x_wconf 80' lang='lat' dir='ltr'>Muccccm</span> <span class='ocrx_word' id='word_1_173' title='bbox 661 679 685 698; x_wconf 86' lang='lat' dir='ltr'>de</span> <span class='ocrx_word' id='word_1_174' title='bbox 704 679 847 704; x_wconf 75' lang='lat' dir='ltr'>approbatione</span> 
     </span>
     <span class='ocr_line' id='line_1_22' title="bbox 172 710 845 732; baseline 0 -3"><span class='ocrx_word' id='word_1_175' title='bbox 172 711 262 729; x_wconf 83' lang='lat' dir='ltr'>virtutum</span> <span class='ocrx_word' id='word_1_176' title='bbox 277 711 325 729; x_wconf 88' lang='lat' dir='ltr'>Ven.</span> <span class='ocrx_word' id='word_1_177' title='bbox 340 710 412 729; x_wconf 86' lang='lat' dir='ltr'>Servae</span> <span class='ocrx_word' id='word_1_178' title='bbox 427 711 463 729; x_wconf 85' lang='lat' dir='ltr'>Dei</span> <span class='ocrx_word' id='word_1_179' title='bbox 478 711 535 729; x_wconf 86' lang='lat' dir='ltr'>Iuliae</span> <span class='ocrx_word' id='word_1_180' title='bbox 550 710 627 732; x_wconf 79' lang='lat' dir='ltr'>Billian.</span> <span class='ocrx_word' id='word_1_181' title='bbox 638 711 662 729; x_wconf 85' lang='lat' dir='ltr'>de</span> <span class='ocrx_word' id='word_1_182' title='bbox 671 711 731 729; x_wconf 89' lang='lat' dir='ltr'>tribus</span> <span class='ocrx_word' id='word_1_183' title='bbox 741 710 845 732; x_wconf 30' lang='lat' dir='ltr'>miraculis*</span> 
     </span>
     <span class='ocr_line' id='line_1_23' title="bbox 172 742 846 766; baseline 0 -6"><span class='ocrx_word' id='word_1_184' title='bbox 172 748 221 766; x_wconf 82' lang='lat' dir='ltr'>quae</span> <span class='ocrx_word' id='word_1_185' title='bbox 234 742 259 760; x_wconf 90' lang='lat' dir='ltr'>de</span> <span class='ocrx_word' id='word_1_186' title='bbox 274 742 315 766; x_wconf 81' lang='lat' dir='ltr'>ipsa</span> <span class='ocrx_word' id='word_1_187' title='bbox 329 742 443 763; x_wconf 77' lang='lat' dir='ltr'>serebantur,</span> <span class='ocrx_word' id='word_1_188' title='bbox 458 746 520 760; x_wconf 83' lang='lat' dir='ltr'>actum</span> <span class='ocrx_word' id='word_1_189' title='bbox 535 746 565 760; x_wconf 88' lang='lat' dir='ltr'>est</span> <span class='ocrx_word' id='word_1_190' title='bbox 579 743 598 760; x_wconf 88' lang='lat' dir='ltr'>in</span> <span class='ocrx_word' id='word_1_191' title='bbox 612 742 645 760; x_wconf 78' lang='lat' dir='ltr'>SS.</span> <span class='ocrx_word' id='word_1_192' title='bbox 662 742 739 760; x_wconf 86' lang='lat' dir='ltr'>Rituum</span> <span class='ocrx_word' id='word_1_193' title='bbox 756 742 846 766; x_wconf 80' lang='lat' dir='ltr'>Congre-</span> 
     </span>
     <span class='ocr_line' id='line_1_24' title="bbox 172 773 845 798; baseline 0 -7"><span class='ocrx_word' id='word_1_194' title='bbox 172 773 256 797; x_wconf 78' lang='lat' dir='ltr'>gatione.</span> <span class='ocrx_word' id='word_1_195' title='bbox 271 773 295 791; x_wconf 86' lang='lat' dir='ltr'>ab</span> <span class='ocrx_word' id='word_1_196' title='bbox 310 773 377 792; x_wconf 81' lang='lat' dir='ltr'>eadem</span> <span class='ocrx_word' id='word_1_197' title='bbox 392 773 416 792; x_wconf 88' lang='lat' dir='ltr'>de</span> <span class='ocrx_word' id='word_1_198' title='bbox 431 779 483 792; x_wconf 88' lang='lat' dir='ltr'>more</span> <span class='ocrx_word' id='word_1_199' title='bbox 497 773 600 798; x_wconf 80' lang='lat' dir='ltr'>diligenter</span> <span class='ocrx_word' id='word_1_200' title='bbox 608 773 694 791; x_wconf 82' lang='lat' dir='ltr'>excussis</span> <span class='ocrx_word' id='word_1_201' title='bbox 704 773 807 797; x_wconf 82' lang='lat' dir='ltr'>recognitis</span> <span class='ocrx_word' id='word_1_202' title='bbox 817 773 845 791; x_wconf 82' lang='lat' dir='ltr'>ad</span> 
     </span>
     <span class='ocr_line' id='line_1_25' title="bbox 173 803 481 828; baseline 0 -6"><span class='ocrx_word' id='word_1_203' title='bbox 173 803 258 822; x_wconf 81' lang='lat' dir='ltr'>ultimum</span> <span class='ocrx_word' id='word_1_204' title='bbox 273 810 295 822; x_wconf 84' lang='lat' dir='ltr'>ac</span> <span class='ocrx_word' id='word_1_205' title='bbox 309 804 394 828; x_wconf 80' lang='lat' dir='ltr'>probatis</span> <span class='ocrx_word' id='word_1_206' title='bbox 407 804 481 823; x_wconf 91' lang='lat' dir='ltr'>tabulis.</span> 
     </span>
    </p>

    <p class='ocr_par' dir='ltr' id='par_1_5' title="bbox 172 830 846 1172">
     <span class='ocr_line' id='line_1_26' title="bbox 213 830 846 860; baseline 0.002 -7"><span class='ocrx_word' id='word_1_207' title='bbox 213 835 296 854; x_wconf 83' lang='lat' dir='ltr'>Primum</span> <span class='ocrx_word' id='word_1_208' title='bbox 310 835 376 854; x_wconf 92' lang='lat' dir='ltr'>horum</span> <span class='ocrx_word' id='word_1_209' title='bbox 391 835 459 854; x_wconf 86' lang='lat' dir='ltr'>accidit</span> <span class='ocrx_word' id='word_1_210' title='bbox 474 835 583 854; x_wconf 80' lang='lat' dir='ltr'>miraculum</span> <span class='ocrx_word' id='word_1_211' title='bbox 594 835 613 854; x_wconf 94' lang='lat' dir='ltr'>in</span> <span class='ocrx_word' id='word_1_212' title='bbox 623 835 695 860; x_wconf 86' lang='lat' dir='ltr'>oppido</span> <span class='ocrx_word' id='word_1_213' title='bbox 705 830 781 860; x_wconf 76' lang='lat' dir='ltr'>Oteppe</span> <span class='ocrx_word' id='word_1_214' title='bbox 791 835 846 854; x_wconf 59' lang='lat' dir='ltr'>dioc&gt;</span> 
     </span>
     <span class='ocr_line' id='line_1_27' title="bbox 172 862 845 888; baseline 0 -3"><span class='ocrx_word' id='word_1_215' title='bbox 172 866 222 885; x_wconf 80' lang='lat' dir='ltr'>cesis</span> <span class='ocrx_word' id='word_1_216' title='bbox 232 867 372 888; x_wconf 86' lang='lat' dir='ltr'>Namurcensis,</span> <span class='ocrx_word' id='word_1_217' title='bbox 382 873 412 885; x_wconf 85' lang='lat' dir='ltr'>an.</span> <span class='ocrx_word' id='word_1_218' title='bbox 424 873 558 886; x_wconf 70' lang='lat' dir='ltr'>muccetxxxu.</span> <span class='ocrx_word' id='word_1_219' title='bbox 572 862 682 886; x_wconf 69' lang='lat' dir='ltr'>Armandus·</span> <span class='ocrx_word' id='word_1_220' title='bbox 690 867 754 885; x_wconf 81' lang='lat' dir='ltr'>Hubin</span> <span class='ocrx_word' id='word_1_221' title='bbox 764 866 845 885; x_wconf 80' lang='lat' dir='ltr'>vixdum</span> 
     </span>
     <span class='ocr_line' id='line_1_28' title="bbox 172 897 844 923; baseline 0.001 -7"><span class='ocrx_word' id='word_1_222' title='bbox 172 898 261 916; x_wconf 82' lang='lat' dir='ltr'>sexennis</span> <span class='ocrx_word' id='word_1_223' title='bbox 275 897 381 917; x_wconf 83' lang='lat' dir='ltr'>claudicare</span> <span class='ocrx_word' id='word_1_224' title='bbox 395 899 464 922; x_wconf 80' lang='lat' dir='ltr'>coepit.</span> <span class='ocrx_word' id='word_1_225' title='bbox 480 898 545 917; x_wconf 86' lang='lat' dir='ltr'>dolore</span> <span class='ocrx_word' id='word_1_226' title='bbox 562 902 661 923; x_wconf 83' lang='lat' dir='ltr'>correptus</span> <span class='ocrx_word' id='word_1_227' title='bbox 675 899 693 917; x_wconf 90' lang='lat' dir='ltr'>in</span> <span class='ocrx_word' id='word_1_228' title='bbox 708 897 763 922; x_wconf 79' lang='lat' dir='ltr'>laevo</span> <span class='ocrx_word' id='word_1_229' title='bbox 781 904 844 919; x_wconf 70' lang='lat' dir='ltr'>crure,</span> 
     </span>
     <span class='ocr_line' id='line_1_29' title="bbox 173 923 844 956; baseline 0.001 -9"><span class='ocrx_word' id='word_1_230' title='bbox 173 929 225 947; x_wconf 80' lang='lat' dir='ltr'>cuius</span> <span class='ocrx_word' id='word_1_231' title='bbox 239 935 263 947; x_wconf 86' lang='lat' dir='ltr'>ex</span> <span class='ocrx_word' id='word_1_232' title='bbox 278 933 344 953; x_wconf 88' lang='lat' dir='ltr'>aperto</span> <span class='ocrx_word' id='word_1_233' title='bbox 358 929 435 948; x_wconf 89' lang='lat' dir='ltr'>vulnere</span> <span class='ocrx_word' id='word_1_234' title='bbox 449 936 505 948; x_wconf 85' lang='lat' dir='ltr'>eruor</span> <span class='ocrx_word' id='word_1_235' title='bbox 519 930 608 948; x_wconf 77' lang='lat' dir='ltr'>manabat</span> <span class='ocrx_word' id='word_1_236' title='bbox 622 934 642 948; x_wconf 86' lang='lat' dir='ltr'>et</span> <span class='ocrx_word' id='word_1_237' title='bbox 655 923 724 956; x_wconf 62' lang='lat' dir='ltr'>sanies.</span> <span class='ocrx_word' id='word_1_238' title='bbox 739 930 808 948; x_wconf 84' lang='lat' dir='ltr'>Morbo</span> <span class='ocrx_word' id='word_1_239' title='bbox 823 929 844 948; x_wconf 87' lang='lat' dir='ltr'>in</span> 
     </span>
     <span class='ocr_line' id='line_1_30' title="bbox 173 960 845 985; baseline 0.001 -7"><span class='ocrx_word' id='word_1_240' title='bbox 173 960 214 979; x_wconf 89' lang='lat' dir='ltr'>dies</span> <span class='ocrx_word' id='word_1_241' title='bbox 228 964 331 981; x_wconf 83' lang='lat' dir='ltr'>crescente,</span> <span class='ocrx_word' id='word_1_242' title='bbox 347 961 400 985; x_wconf 85' lang='lat' dir='ltr'>pueri</span> <span class='ocrx_word' id='word_1_243' title='bbox 420 960 503 979; x_wconf 75' lang='lat' dir='ltr'>c&#39;onditio</span> <span class='ocrx_word' id='word_1_244' title='bbox 522 965 566 985; x_wconf 85' lang='lat' dir='ltr'>post</span> <span class='ocrx_word' id='word_1_245' title='bbox 584 961 679 979; x_wconf 84' lang='lat' dir='ltr'>sexdecim</span> <span class='ocrx_word' id='word_1_246' title='bbox 699 963 774 979; x_wconf 84' lang='lat' dir='ltr'>menses</span> <span class='ocrx_word' id='word_1_247' title='bbox 793 961 845 979; x_wconf 84' lang='lat' dir='ltr'>adeo</span> 
     </span>
     <span class='ocr_line' id='line_1_31' title="bbox 173 988 843 1012; baseline 0 -2"><span class='ocrx_word' id='word_1_248' title='bbox 173 991 257 1010; x_wconf 80' lang='lat' dir='ltr'>deterior</span> <span class='ocrx_word' id='word_1_249' title='bbox 270 991 319 1010; x_wconf 69' lang='lat' dir='ltr'>facta</span> <span class='ocrx_word' id='word_1_250' title='bbox 333 995 367 1012; x_wconf 83' lang='lat' dir='ltr'>est,</span> <span class='ocrx_word' id='word_1_251' title='bbox 383 995 403 1009; x_wconf 87' lang='lat' dir='ltr'>ut</span> <span class='ocrx_word' id='word_1_252' title='bbox 416 996 479 1010; x_wconf 76' lang='lat' dir='ltr'>actum</span> <span class='ocrx_word' id='word_1_253' title='bbox 494 992 518 1010; x_wconf 90' lang='lat' dir='ltr'>de</span> <span class='ocrx_word' id='word_1_254' title='bbox 533 991 565 1010; x_wconf 91' lang='lat' dir='ltr'>illo</span> <span class='ocrx_word' id='word_1_255' title='bbox 580 991 647 1010; x_wconf 88' lang='lat' dir='ltr'>medici</span> <span class='ocrx_word' id='word_1_256' title='bbox 662 988 771 1010; x_wconf 81' lang='lat' dir='ltr'>iudicarent.</span> <span class='ocrx_word' id='word_1_257' title='bbox 786 991 843 1010; x_wconf 78' lang='lat' dir='ltr'>&#39;runc</span> 
     </span>
     <span class='ocr_line' id='line_1_32' title="bbox 173 1022 846 1047; baseline 0 -6"><span class='ocrx_word' id='word_1_258' title='bbox 173 1022 241 1041; x_wconf 76' lang='lat' dir='ltr'>infirmi</span> <span class='ocrx_word' id='word_1_259' title='bbox 256 1026 321 1043; x_wconf 86' lang='lat' dir='ltr'>mater,</span> <span class='ocrx_word' id='word_1_260' title='bbox 336 1022 366 1040; x_wconf 80' lang='lat' dir='ltr'>cui</span> <span class='ocrx_word' id='word_1_261' title='bbox 381 1028 424 1046; x_wconf 79' lang='lat' dir='ltr'>spes</span> <span class='ocrx_word' id='word_1_262' title='bbox 440 1022 490 1040; x_wconf 87' lang='lat' dir='ltr'>nulla</span> <span class='ocrx_word' id='word_1_263' title='bbox 504 1022 609 1042; x_wconf 81' lang='lat' dir='ltr'>sanationis</span> <span class='ocrx_word' id='word_1_264' title='bbox 623 1023 658 1041; x_wconf 88' lang='lat' dir='ltr'>nisi</span> <span class='ocrx_word' id='word_1_265' title='bbox 676 1022 766 1041; x_wconf 83' lang='lat' dir='ltr'>divinitus</span> <span class='ocrx_word' id='word_1_266' title='bbox 784 1022 846 1047; x_wconf 65' lang='lat' dir='ltr'>impe=</span> 
     </span>
     <span class='ocr_line' id='line_1_33' title="bbox 172 1053 846 1078; baseline 0.001 -7"><span class='ocrx_word' id='word_1_267' title='bbox 172 1054 252 1072; x_wconf 81' lang='lat' dir='ltr'>trandae</span> <span class='ocrx_word' id='word_1_268' title='bbox 267 1054 303 1071; x_wconf 88' lang='lat' dir='ltr'>iam</span> <span class='ocrx_word' id='word_1_269' title='bbox 318 1057 432 1077; x_wconf 80' lang='lat' dir='ltr'>superesset,</span> <span class='ocrx_word' id='word_1_270' title='bbox 448 1053 598 1072; x_wconf 27' lang='lat' dir='ltr'>Namurcurnlse</span> <span class='ocrx_word' id='word_1_271' title='bbox 613 1053 637 1072; x_wconf 87' lang='lat' dir='ltr'>ad</span> <span class='ocrx_word' id='word_1_272' title='bbox 652 1054 700 1072; x_wconf 89' lang='lat' dir='ltr'>Ven.</span> <span class='ocrx_word' id='word_1_273' title='bbox 714 1053 771 1072; x_wconf 91' lang='lat' dir='ltr'>Iuliae</span> <span class='ocrx_word' id='word_1_274' title='bbox 781 1053 846 1078; x_wconf 77' lang='lat' dir='ltr'>sepul—</span> 
     </span>
     <span class='ocr_line' id='line_1_34' title="bbox 172 1084 842 1109; baseline -0.001 -5"><span class='ocrx_word' id='word_1_275' title='bbox 172 1091 223 1104; x_wconf 81' lang='lat' dir='ltr'>crum</span> <span class='ocrx_word' id='word_1_276' title='bbox 238 1085 323 1106; x_wconf 85' lang='lat' dir='ltr'>contulit,</span> <span class='ocrx_word' id='word_1_277' title='bbox 338 1084 370 1103; x_wconf 91' lang='lat' dir='ltr'>ubi</span> <span class='ocrx_word' id='word_1_278' title='bbox 384 1084 466 1103; x_wconf 80' lang='lat' dir='ltr'>fervidas</span> <span class='ocrx_word' id='word_1_279' title='bbox 480 1091 514 1109; x_wconf 88' lang='lat' dir='ltr'>pro</span> <span class='ocrx_word' id='word_1_280' title='bbox 529 1085 567 1103; x_wconf 84' lang='lat' dir='ltr'>filio</span> <span class='ocrx_word' id='word_1_281' title='bbox 581 1091 648 1109; x_wconf 85' lang='lat' dir='ltr'>preces</span> <span class='ocrx_word' id='word_1_282' title='bbox 664 1085 734 1104; x_wconf 81' lang='lat' dir='ltr'>effudit.</span> <span class='ocrx_word' id='word_1_283' title='bbox 757 1085 842 1104; x_wconf 81' lang='lat' dir='ltr'>Domum</span> 
     </span>
     <span class='ocr_line' id='line_1_35' title="bbox 172 1112 843 1141; baseline 0.001 -7"><span class='ocrx_word' id='word_1_284' title='bbox 172 1122 253 1137; x_wconf 80' lang='lat' dir='ltr'>reversa,</span> <span class='ocrx_word' id='word_1_285' title='bbox 269 1116 349 1134; x_wconf 83' lang='lat' dir='ltr'>vestium</span> <span class='ocrx_word' id='word_1_286' title='bbox 366 1116 451 1140; x_wconf 86' lang='lat' dir='ltr'>fragmen</span> <span class='ocrx_word' id='word_1_287' title='bbox 467 1116 514 1134; x_wconf 92' lang='lat' dir='ltr'>Ven.</span> <span class='ocrx_word' id='word_1_288' title='bbox 531 1116 602 1135; x_wconf 90' lang='lat' dir='ltr'>Servae</span> <span class='ocrx_word' id='word_1_289' title='bbox 618 1116 654 1135; x_wconf 89' lang='lat' dir='ltr'>Dei</span> <span class='ocrx_word' id='word_1_290' title='bbox 674 1112 732 1135; x_wconf 82' lang='lat' dir='ltr'>ulceri</span> <span class='ocrx_word' id='word_1_291' title='bbox 746 1116 843 1141; x_wconf 69' lang='lat' dir='ltr'>apposuit.</span> 
     </span>
     <span class='ocr_line' id='line_1_36' title="bbox 172 1147 844 1172; baseline 0.001 -7"><span class='ocrx_word' id='word_1_292' title='bbox 172 1147 239 1166; x_wconf 81' lang='lat' dir='ltr'>Altero</span> <span class='ocrx_word' id='word_1_293' title='bbox 246 1147 277 1166; x_wconf 90' lang='lat' dir='ltr'>die</span> <span class='ocrx_word' id='word_1_294' title='bbox 287 1148 311 1166; x_wconf 85' lang='lat' dir='ltr'>ab</span> <span class='ocrx_word' id='word_1_295' title='bbox 318 1147 411 1166; x_wconf 86' lang='lat' dir='ltr'>inchoatis</span> <span class='ocrx_word' id='word_1_296' title='bbox 421 1147 565 1166; x_wconf 86' lang='lat' dir='ltr'>novendialibus</span> <span class='ocrx_word' id='word_1_297' title='bbox 574 1152 652 1172; x_wconf 87' lang='lat' dir='ltr'>repente</span> <span class='ocrx_word' id='word_1_298' title='bbox 662 1152 741 1166; x_wconf 79' lang='lat' dir='ltr'>sanatus</span> <span class='ocrx_word' id='word_1_299' title='bbox 750 1152 779 1166; x_wconf 83' lang='lat' dir='ltr'>est</span> <span class='ocrx_word' id='word_1_300' title='bbox 788 1153 844 1172; x_wconf 74' lang='lat' dir='ltr'>puer,</span> 
     </span>
    </p>
   </div>
  </div>
 </body>
</html>
