915 1302
194 53 212 68 ³6
403 54 429 68 Ex
439 54 454 69 S.
464 54 584 74 Cnngregan‘nne
593 55 655 69 Concu-⁴1·

232 109 273 127 Nec
287 109 364 127 demum
379 109 398 127 in
408 115 453 128 casu
463 109 591 134 suffragantur
600 109 690 133 specialia
699 109 788 128 adiuncta
797 113 819 128 et
833 109 871 128 cir-

191 140 322 162 cumstantiae,
338 140 404 164 quales
418 140 503 164 profecto
517 144 582 159 essent
596 146 667 165 magna
679 140 750 159 utilitas
759 140 789 159 vel
799 147 871 159 neces-

191 171 238 190 sitas
251 177 286 196 pro
300 171 385 190 dioecesi
395 171 420 190 ob
429 171 474 190 cleri
483 171 585 193 desectum.
596 171 626 190 vel
636 171 798 190 extraordinariae
807 171 870 190 dotes

192 203 279 224 oratoris,
295 207 341 228 puta
355 203 427 228 ingenii
441 202 472 221 vel
486 206 584 227 spectatae
597 203 654 224 vitae,
669 209 712 221 cum
722 202 783 221 clerus
793 203 813 221 in
829 209 871 222 me-

192 233 289 252 ridionalis
303 234 368 253 Italiae
382 234 494 259 regionibus
508 234 571 259 potius
586 234 675 256 abundet,
690 238 711 252 et
724 234 786 253 dictae
802 239 871 253 extra-

192 265 299 284 ordinariae
313 266 415 290 qualitates
430 272 455 284 ex
469 265 529 284 literis
543 265 635 290 Episcopi
650 272 688 284 non
703 265 799 284 resultem.

234 307 260 310 —
267 296 297 314 Ex
305 296 388 318 adverso
395 297 414 315 in
421 303 467 315 casu
475 296 550 315 videtur
556 296 640 315 invocari
648 303 705 321 posse
713 297 777 315 favore
783 297 871 315 oratoris

192 326 293 352 dispositio
308 327 386 347 Decreti
401 327 487 346 Gratiani
501 328 541 351 (loc.
551 328 598 351 cit),
612 334 662 352 quae
671 328 697 346 im
708 334 728 346 se
738 328 806 346 habet:
827 335 837 345 «
848 328 869 346 Si

192 364 238 377 vero
253 359 289 377 Dei
305 359 434 378 misericordia
448 359 571 380 convaluerit,
586 359 741 383 quandoquidem
756 365 794 377 non
809 359 870 384 eulpa

193 390 227 409 sed
244 390 343 409 infirmitas
357 394 386 409 est
400 390 419 409 in
434 396 496 412 causa.
512 397 556 409 eum
570 391 607 408 iam
622 391 728 409 sacrificare
740 397 778 409 non
788 390 871 409 interdi-

193 421 253 440 cimus
262 428 280 439 »Α
303 421 342 440 Iam
357 427 403 440 vero
417 425 512 441 oratorem
527 421 646 440 convaluisse
660 425 720 440 testes
734 425 778 440 sunt
794 421 870 440 nedum

193 453 252 477 ipsius
262 457 356 477 parentes,
372 453 405 471 sed
420 453 477 471 etiam
492 453 530 471 duo
545 453 600 477 periti
614 453 682 471 medici
692 453 716 471 ab
726 453 826 477 Episcopo
836 453 870 471 de-

193 484 259 509 putati.
275 484 317 502 Hae
327 484 412 509 profecto
421 484 560 503 declarationes
570 490 604 509 per
618 490 639 503 se
653 484 741 503 videntur
755 490 798 502 esse
814 484 870 502 suffi-

194 516 266 534 cientes
275 516 300 534 ad
310 515 402 534 moralem
412 515 545 534 certitudinem
554 515 673 540 gignendam
683 515 735 540 quod
744 515 807 534 dictus
818 522 870 534 mor-

193 548 229 566 bus
238 548 257 566 in
267 551 364 572 posterum
379 553 417 566 non
431 547 535 567 iterabitur,

234 579 315 597 Accedit
331 578 408 603 insuper
425 578 477 603 quod
491 578 510 597 in
530 578 613 597 themate
628 578 691 603 agitur
707 578 731 597 de
745 578 815 596 clerico
835 578 869 602 qui

193 610 231 629 iam
245 611 284 628 iam
297 610 321 629 ad
336 610 485 628 subdiaconatus
494 610 582 628 ordinem
591 614 621 628 est
631 614 738 634 promotum
754 613 774 628 et
782 610 802 628 in
813 609 868 627 hisce

193 641 268 660 casibus
282 641 379 660 Ecclesiae
394 641 513 666 indulgentia
527 641 629 666 benignior
643 647 685 660 esse
700 640 753 660 solet.
771 641 813 659 Nec
829 647 869 659 ma-

193 673 227 698 gni
241 673 329 691 ducenda
343 676 372 691 est
386 672 487 691 difficultas
501 673 525 691 de
539 673 623 691 carentia
633 672 744 697 qualitatum
754 672 868 696 specialium

194 704 212 723 in
228 708 311 725 oratore:
327 710 369 722 curn
380 704 430 722 enim
440 704 481 728 ipse
491 710 529 722 non
539 703 597 723 semel
608 704 662 722 suerit
673 704 697 722 ab
707 703 805 728 Episcopo
815 710 867 723 com-

194 735 295 754 mendatus
309 741 343 759 pro
362 735 434 760 gratia,
453 741 496 753 cum
512 734 635 754 fundamento
654 735 714 754 asseri
733 739 796 759 potest
814 735 867 759 quod

194 767 235 785 eius
249 767 342 785 ordinatio
357 766 426 785 iudicio
440 766 470 785 sui
480 766 571 790 Episcopi
581 766 599 784 in
609 766 703 785 dioecesis
713 767 783 785 bonum
797 770 866 785 vertet.

234 797 389 822 Responsum.
404 797 447 816 Exi-ii
462 797 528 816 Patres
542 797 561 817 S.
576 797 648 822 Congr.
669 797 758 819 Concilii,
777 798 868 816 omnibus

195 832 267 847 mature
282 829 387 853 perpensis,
403 828 433 847 die
445 835 469 852 24
477 829 592 847 Novembris
605 830 654 852 1906
665 829 810 853 rescripserunt:

235 860 325 878 Arbitrio
339 863 357 878 et
370 859 485 884 prudentias
499 860 589 884 Episcopi
601 860 628 878 ad
643 860 763 879 diaconatum
777 863 866 881 tantum,

187 891 241 915 sacto
255 891 308 909 verbo
321 897 363 909 cum
378 891 445 910 SSmol

235 922 341 947 Colliges.
359 924 382 941 1⁰.
399 922 509 941 Dummodo
527 922 603 941 moralis
620 923 714 942 certitudo
731 923 824 942 habeatur
842 923 866 940 de

195 959 232 972 non
247 953 347 972 iteratione
362 953 423 972 morbi
438 953 538 972 comitialis
552 954 571 972 in
586 954 673 975 futurum,
689 954 775 973 Ecclesia
794 954 866 973 facilius

194 984 305 1009 dispensare
319 984 368 1003 solet
382 985 406 1003 ab
421 985 558 1009 irregularitate
577 991 619 1003 cum
634 985 706 1004 clericis
724 986 762 1004 iam
781 985 805 1004 ad
824 985 865 1004 sub·

194 1016 307 1034 diaconatus
317 1016 402 1035 ordinem
417 1017 515 1040 promotis.

237 1047 262 1065 2⁰.
273 1047 406 1066 Subdiaconus
421 1047 438 1065 in
453 1054 498 1066 casu
513 1051 610 1072 reputatur
628 1047 705 1072 quidem
725 1048 792 1066 morbo
810 1047 865 1072 epile-

193 1078 245 1103 ptico
260 1085 298 1097 non
312 1078 395 1104 amplius
409 1079 509 1100 obnoxius,
524 1079 558 1097 sed
573 1079 597 1097 ad
612 1079 703 1098 maiorem
722 1078 815 1098 cautelam
834 1077 866 1097 dif-

193 1110 251 1129 fertur
265 1111 364 1129 concessio
378 1110 453 1135 gratiae
468 1116 502 1134 pro
517 1110 639 1134 susceptione
653 1111 802 1135 presbyteratus.
