915 1302
177 34 204 47 ,ει
393 34 418 48 εκ
428 34 443 49 ε.
453 35 572 54 εοημμιῑηηε
581 35 643 50 conen-‘5

175 91 257 106 armatae
271 88 383 107 deducenda
398 92 442 107 sunt
455 95 513 107 onera
528 89 565 108 fixa
579 94 599 108 et
616 90 683 111 realia,
701 96 751 115 quae
772 91 844 110 fructus

175 119 235 143 ipsius
244 119 365 143 praebendae
372 120 480 144 percutiunt
487 124 506 138 et
515 120 638 142 imminuunt;
657 127 695 140 non
707 126 770 140 autem
784 129 845 142 onera

175 150 288 174 personalia,
303 156 352 174 quae
367 151 443 175 proprie
453 151 477 169 ad
487 151 569 170 officium
579 152 702 176 praebendati
712 158 805 178 spectant.
816 155 844 173 uti

174 185 225 200 esset
239 187 288 200 onus
302 182 371 200 missae
386 182 516 201 conventualis
530 183 559 201 vel
574 189 609 207 pro
623 183 700 208 populo.

455 281 566 300 NOLANA

370 318 495 331 counimus
509 318 650 332 cumr-LANJAE

175 361 206 377 Au
217 360 275 377 dictio
287 361 297 369 ‘¹
304 361 381 378 chierici
393 361 423 378 del
436 361 521 378 Coi-nune
529 374 539 381 „
551 362 631 382 praeter
638 362 719 379 clericos
727 362 846 383 originarios

219 388 359 408 complectatur
371 387 431 404 etlam
442 388 522 407 elerico·
534 388 678 405 domicuiarios.

215 432 376 457 Factispeeies
396 433 447 451 Actu
466 432 575 451 donationis
593 433 642 451 inter
659 433 711 452 viros
727 433 847 452 irrevocabili

174 463 212 482 diei
225 469 248 482 ιο
262 463 325 482 Martii
343 464 393 486 1824
407 470 466 488 eques
480 463 570 482 Camillus
584 464 649 485 Costa,
667 464 806 489 Neapolitanae
820 465 847 483 ci—

173 495 242 515 vitan's,
258 494 409 519 Archiepiscopo
423 494 550 519 Neapolitano
564 495 613 514 inter
627 495 664 514 alia
677 495 755 514 tradidit
766 495 805 515 duo
819 495 847 515 la—

175 526 259 547 tifundia,
274 526 310 544 sita
324 526 343 544 in
358 526 430 551 oppido
443 526 463 545 S.
474 526 593 547 Anastasiae.
604 526 698 545 dioecesis
707 526 799 548 Nolanae,
810 533 847 551 pro

174 557 295 576 instituendis
312 563 333 576 12
349 557 477 582 cappellaniis,
493 564 542 582 quae
556 557 611 576 titulo
625 555 733 582 pau-‘monii
752 558 800 576 sacri
819 558 847 577 in-

174 589 272 609 servirent.
288 588 383 607 nonnullis
396 588 476 607 adiectis
490 588 580 613 oneribus
594 589 701 607 missarum.
720 589 774 608 Haec
788 589 846 613 patri-

175 620 245 641 monia.
261 619 284 638 ad
299 626 348 644 quae
362 620 480 638 vocabantur
493 619 555 638 clerici
570 619 692 644 Neapolitani
706 624 725 638 et
734 620 802 638 horum
812 620 846 638 de-

174 651 223 670 fectu
238 650 300 669 elerici
315 650 430 669 Puteolanae
444 651 542 672 dioecesis,
558 655 612 669 erant
626 651 741 669 conferenda
755 657 789 675 per
799 657 846 669 con-

174 688 255 704 cursum,
271 682 352 701 constito
367 682 418 706 prius
432 682 456 700 de
471 682 583 706 impotentia
596 682 727 701 concurrentis
736 682 760 700 ad
770 688 846 700 sacrum

174 713 309 738 patrimonium
324 713 533 735 sibi'eonstituendum,
549 718 568 732 et
582 713 694 738 praehabito
708 713 799 732 scrutinio
815 719 846 731 su—

174 751 208 769 per
222 744 345 769 qualitatibus
359 748 378 763 et
392 750 450 768 super
461 744 547 763 scientia.

214 776 241 794 At
256 782 294 794 una
307 782 331 794 ex
346 775 398 794 hisee
412 775 535 800 cappellaniis
549 776 591 800 pius
605 775 688 795 donator
701 775 760 794 voluit
774 780 795 794 ut
804 782 846 800 per-

174 811 232 831 petuo
246 811 321 825 servata
336 810 421 825 maneret
434 813 469 831 pro
484 806 557 825 clericis
570 813 594 825 ex
609 807 681 831 oppido
695 806 714 825 S.
723 807 844 828 Anastasia,

173 844 213 859 seu,
230 842 250 856 ut
264 838 305 862 ipse
319 838 394 856 statuit:
409 838 432 856 αι’
444 838 523 856 chierici
535 838 566 856 del
577 838 656 857 Comum!
665 837 688 856 a'i
697 838 717 856 S.
729 838 844 857 Anastasia.

174 869 250 888 Interim
265 875 315 888 anno
334 875 382 892 ¹904
396 873 464 888 vacata
481 869 587 888 huiusmodi
602 869 727 894 cappellania,
738 868 846 893 publicatus

174 900 209 919 fuit
223 906 326 919 concursus
340 900 370 919 cui
385 906 454 918 nomen
469 901 563 919 dederunt
576 900 615 919 duo
629 900 698 921 clerici,
714 906 782 924 nempe
799 900 845 918 Cre-

174 932 258 950 scentius
272 928 346 950 Barone
361 932 475 956 originarius
489 932 534 950 dieti
549 932 626 956 oppidi.
642 936 662 950 et
675 932 790 956 Tarquinius
804 932 846 950 Ma-

174 963 215 982 rino
229 963 343 988 originarius
355 962 420 988 oppidi
431 963 567 984 Montemurro,
578 963 671 982 dioecesis
683 963 799 984 Potentinae.
809 962 845 982 sed

174 1000 185 1013 a
199 994 284 1019 pluribus
298 994 352 1012 annis
366 1000 409 1013 cum
424 994 520 1013 domicilio
535 995 554 1013 in
568 994 640 1019 oppido
659 995 677 1013 S.
693 994 807 1013 Anastasiae
825 999 846 1013 et

174 1025 229 1044 huius
243 1025 295 1044 clero
309 1026 344 1044 rite
358 1025 470 1050 adscriptus.
486 1026 565 1044 Peracto
580 1026 598 1044 in
609 1026 660 1044 curia
670 1025 744 1044 Nolana
754 1026 845 1044 scrutinio

174 1062 231 1080 super
246 1057 317 1075 meritis
331 1057 489 1077 concurrentium.
505 1057 655 1075 examinatorum
670 1052 760 1075 iudicium
773 1056 846 1075 favora-

174 1087 211 1106 bile
226 1087 260 1106 fuit
273 1087 342 1106 clerico
356 1088 437 1109 Marino.
453 1088 482 1106 cui
498 1088 578 1112 proinde
594 1094 664 1106 vacans
683 1087 801 1112 cappellania
820 1088 845 1106 ab

174 1118 326 1143 Archiepiscopo
340 1119 468 1144 Neapolitano
483 1119 516 1137 suit
530 1118 603 1137 collata.

674 1159 680 1170 Ι
