915 1302
365 57 440 72 mamea.
570 75 574 79 ι
723 58 738 72 ³1

63 111 116 136 gul.)
132 117 171 130 non
186 111 287 136 Episcopis
300 111 335 130 sed
349 112 457 130 Abbatibus
472 112 588 131 monasteria
604 118 647 131 cum
661 112 742 132 adnexis

65 142 154 161 eeclesiis
163 143 240 161 visitare
250 143 356 167 praecepit;
368 143 412 162 item
422 143 464 167 (loc.
474 143 512 164 eit„
522 146 561 167 cap.
571 145 601 167 11)
611 144 708 162 disserens
717 144 742 162 de

65 174 189 193 monasteriis
201 181 211 192 ι
219 174 289 198 quibus
302 174 389 193 imminet
398 181 443 193 cura
453 181 577 199 personarum
587 175 712 194 saecularium
721 182 740 196 »,

65 205 134 223 statuit
147 205 195 223 istas
209 205 301 224 ecclesias
315 205 432 229 paroeciales
446 206 570 230 Regularium
585 206 682 224 subiectas
699 212 742 224 esse

66 236 167 261 Episcopo
181 236 281 255 dumtaxat
298 244 308 255 ι
318 237 336 255 in
352 237 374 255 iis
388 243 437 261 quae
451 238 476 255 ad
490 237 561 255 dictam
576 243 640 256 curam
650 241 670 256 et
680 243 741 256 sacra.-

65 272 176 286 mentorum
190 268 372 287 administrationem
382 268 479 293 pertinent
487 275 506 288 »,
522 268 635 287 Consonant
645 268 741 287 Constitu-

63 299 129 317 tiones
144 299 260 320 Pomificiae,
275 298 353 318 decreta
366 305 389 318 ac
403 305 496 324 responsa
515 299 615 318 Sacramm
630 299 742 324 Congrega-

64 330 147 351 tionum,
163 336 238 348 necnon
252 336 332 349 concors
346 335 445 349 auctorum
454 330 547 349 doctrina.
563 330 619 349 Unde
629 336 659 349 ex.
667 327 696 355 ξπ,
707 330 742 349 Be-

65 361 116 380 rasdi
127 361 209 381 (Comm.
218 361 239 379 in
247 361 278 380 ius
284 361 373 382 ecch-un„
383 365 425 381 tom.
435 367 452 382 1,
462 361 507 380 diss.
518 367 538 386 4,
548 364 587 386 cap.
593 362 618 386 5)
627 361 681 380 addit
690 362 741 386 quod

68 399 77 410 ‹
87 396 135 417 post
149 396 236 417 receptas
251 393 410 412 monasteriorum
424 393 563 418 exemptiones,
580 397 683 417 exemptae
697 399 742 417 quo-

64 430 102 448 que
113 424 191 442 fuerunt
200 424 359 443 monasteriorum
368 424 460 443 ecclesiae
469 431 478 442 ›
488 431 492 445 ;
508 424 589 448 ideoque
600 424 619 443 S.
630 424 742 448 Alphonsus

64 455 105 480 (Dc
116 455 196 479 privil„
209 461 227 475 n.
238 459 273 480 72)
282 456 340 474 docet
353 456 405 480 quod
427 462 437 473 ι
446 455 528 474 Praelati
542 455 641 480 regulares
657 456 741 480 exempti

64 487 140 505 habent
154 486 173 505 in
187 486 227 505 suis
241 486 326 505 ecclesiis
339 490 359 505 et
379 487 499 505 monasteriis
517 487 666 505 iurisdictionem
688 487 741 511 quasi

65 517 204 542 episcopalem,
219 521 259 536 tam
273 517 337 542 quoad
351 523 443 542 personas
457 524 515 542 quam
529 518 571 536 loca
580 525 598 536 ν.

106 548 152 567 Hoc
167 552 238 567 statuto
256 548 358 573 principio.
376 549 474 568 contendit
495 549 624 573 patrocinator
642 549 741 568 ecclesiam

65 580 179 599 monasterii
189 580 292 599 Escuriaiis
298 580 406 605 regularem
414 586 480 599 revera
489 586 537 601 esse,
548 586 612 604 quum.
624 580 676 599 iuxta
690 586 742 604 prae-

64 611 159 636 scriptum
174 611 233 630 Cone.
249 611 302 630 Trid.
317 612 366 634 (saess,
375 616 406 635 ²5›
416 614 455 635 cap.
464 616 478 635 5
488 611 510 630 de
519 611 599 636 Regul.)
612 616 633 630 et
646 611 742 630 Constitu-

64 644 124 662 tionis
140 643 211 662 Leonis
226 643 270 661 XIII
286 643 379 661 Romanos
392 643 498 667 Pontifices,
512 642 563 662 illam
578 649 616 661 una.
629 642 684 661 simul
698 649 741 661 cum

65 674 185 693 monasterio
199 674 315 693 obtinuerint
329 674 515 699 Augustinianenses
526 674 551 693 de
560 674 635 693 licentia
645 674 742 698 tum-Epi-

65 707 119 730 scopi
135 710 176 725 tum
191 705 246 724 Sedis
260 705 390 729 Apostolicae.
406 709 463 730 prout
476 712 501 724 ex
515 709 581 724 tenore
595 705 681 729 rescripti
694 705 742 723 Pon·

65 737 118 756 tificii
129 743 160 755 an.
174 737 210 755 188
214 742 223 760 5
232 736 282 755 clare
293 741 350 761 patet
367 736 418 760 Quin
429 737 498 758 obstet,
509 737 573 761 pergit
582 740 679 761 patronus,
690 736 741 760 quod

66 769 84 787 in
94 768 191 792 rescripto
201 768 300 787 Pontificio
310 768 342 786 fiat
352 768 424 786 mentio
434 768 549 789 monasterii,
561 774 598 786 non
608 772 673 786 autem
683 767 741 786 eecle-

66 800 117 819 siae:
137 805 181 818 nam
196 805 221 817 ex
235 799 327 817 canonica
340 799 437 817 erectione
455 803 476 817 et
494 799 617 823 exemptione
636 802 741 817 conventus

66 830 191 854 consequitur
205 830 302 854 exemptio
317 830 409 849 ecclesiae
426 830 527 849 conventui
546 830 638 848 adnexae.
658 830 686 848 Im
698 829 740 848 Van

67 861 165 880 Cameren
179 861 219 884 (Da
228 861 318 879 oratoriis
328 861 381 885 publ.
392 864 409 880 ct
414 861 525 886 priv.,pag.
533 863 565 886 91)
579 861 646 879 tradit:
661 868 671 879 ‹
679 861 741 885 Regu-

66 892 144 913 laribus.
160 892 236 911 licentia
251 892 359 911 monasterii
369 892 482 911 aedificandi
497 893 531 911 rite
546 892 652 917 impetrata,
665 892 741 910 veniam

68 923 134 942 itidem
149 924 189 942 fieri
199 923 294 948 publicam
304 924 329 942 ibi
339 923 425 948 erigendi
435 924 535 942 eeclesiam
545 930 564 942 ›.
579 923 617 942 Csr.
628 924 685 942 etiam
696 923 741 941 Gat-

68 955 106 974 tico
120 955 159 978 (Dc
170 955 225 974 Orat.
235 955 289 975 dom„
300 958 339 978 cap.
350 954 368 974 8,
379 962 397 973 n.
408 960 431 973 21
442 958 460 973 et
473 957 511 978 22);
528 955 633 973 Leurenius
651 954 689 977 (De
710 954 741 972 Vi-

68 987 120 1005 cario
136 986 205 1010 Episa,
219 989 288 1011 quaest.
301 986 357 1011 517):
373 986 480 1011 Ventriglia
511 986 585 1004 Prazis
594 992 660 1004 rervm
673 985 740 1007 notab„

68 1020 110 1036 tom.
120 1023 138 1038 1.
148 1017 210 1036 adnot.
221 1016 250 1038 18.
262 1023 279 1035 11⁴
291 1023 316 1036 20
328 1032 331 1038 ,
347 1022 382 1036 etc.
399 1018 500 1036 Rationem
515 1021 578 1036 antem
593 1017 671 1036 exhibet
688 1017 741 1035 Wer-

70 1048 156 1067 meerseh
168 1049 206 1072 (Bc
215 1049 270 1073 ralig.
286 1049 353 1069 instit„
364 1051 406 1068 tom.
417 1054 433 1070 1,
443 1055 461 1067 n.
473 1051 514 1072 112)
524 1049 576 1067 hisce
583 1048 654 1068 verbis:
673 1055 683 1066 ι
690 1048 741 1071 Quia

69 1079 150 1098 ecclesia
164 1086 209 1104 pars
222 1080 341 1099 existimatur
355 1080 453 1105 integrans
465 1080 579 1099 monasterii.
590 1080 646 1098 venia
656 1080 740 1104 aperien-

69 1110 106 1129 dae
119 1110 214 1129 ecclesiae
228 1117 261 1129 seu
276 1111 353 1130 oratorii
363 1111 443 1135 publici.
462 1111 514 1136 quod
533 1111 659 1136 coniungatur
678 1117 741 1129 mona-

71 1142 134 1163 sterio,
150 1141 258 1160 continetur
272 1142 314 1166 ipsa
331 1142 407 1161 licentia
424 1142 511 1167 erigendi
531 1142 677 1163 monasterium,
694 1142 739 1163 nisi,
