915 1302
162 49 181 62 44
369 44 395 58 ει
406 45 421 58 s.
430 44 550 64 congregatim
562 44 624 58 enacim

162 99 254 118 curatoris
268 98 337 117 fiscalis
351 99 484 120 interventum,
500 103 519 117 et
533 99 559 117 ita
572 99 642 117 vitatur
652 98 744 118 ecclesiae
758 99 831 123 praeiu-

162 130 238 148 dicium.
253 130 283 148 De
297 130 332 148 hae
347 129 441 148 eventuali
457 130 583 154 parochorum
593 131 675 155 segnitie
689 130 752 155 quoad
762 130 830 149 iurium

161 162 242 180 fabricae
257 161 421 180 conservationem
435 161 454 180 in
472 161 556 180 dioecesi
575 161 729 180 Santanderiensi
746 168 783 180 non
798 163 831 181 ob-

161 199 215 211 scure
236 192 297 211 innuit
317 192 412 211 sententia
430 188 508 211 secundi
529 193 579 211 turni
598 193 659 211 Rotae
678 193 795 212 Matritensis
811 193 830 212 in

162 230 199 242 uno
213 230 238 242 ex
252 224 328 242 motivis
342 224 404 242 eidem
417 224 525 243 sententiae
539 224 627 249 alligatis.

202 255 299 275 Decisio.
313 255 356 273 Emi
367 255 431 274 Patres
440 255 459 273 S.
472 255 544 280 Congr.
555 255 642 276 Concilii,
653 255 741 274 omnibus
750 261 831 280 perpen-

161 287 192 307 sis,
207 286 239 305 die
255 292 279 310 ²4
292 287 406 305 Novembris
424 288 472 309 1906
492 286 647 311 respondendum
662 288 787 306 censuerunt:

200 317 238 336 Ad
245 318 362 342 propositum
376 318 454 336 dubium
468 318 491 336 ab
506 318 601 342 Episcopo,
616 318 714 342 Negaeive.

200 348 307 374 Colliges.
329 351 352 368 1⁴².
368 349 488 367 Interventus
507 349 622 373 promotoris
636 349 705 367 fiscalis
722 350 741 367 in
755 349 830 368 iudiciis

161 386 198 398 non
213 384 334 404 computatur
348 380 396 398 inter
413 380 545 399 solemnitates
559 386 570 398 a
584 380 624 398 iure
644 380 725 399 naturali
740 380 831 404 praeseri-

160 415 208 435 ptas,
224 411 258 430 sed
273 417 284 429 a
298 411 425 435 dispositione
438 411 485 429 iuris
499 411 575 436 positivi
590 415 619 429 est
633 411 755 435 repetendus.

202 445 227 461 2⁸².
243 443 328 461 Iamvero
343 443 447 461 necessitas
461 443 590 467 procuratoris
600 442 668 461 fiscalis
682 442 722 461 iure
736 443 830 462 canonico

160 474 293 498 praescribitur
312 474 330 492 in
349 474 423 492 iudiciis
441 474 569 492 criminalibus
591 474 647 492 etiam
667 474 778 496 summariis,
794 481 829 493 nec

160 511 197 523 non
212 505 231 523 in
246 505 320 523 statutis
334 505 420 523 civilibus
435 505 518 526 iudiciis;
534 505 579 523 dum
594 505 612 523 in
628 505 668 524 aliis
678 505 752 524 iudiciis
761 505 829 524 eonsti-

159 536 207 554 tutio
221 536 349 560 procuratoris
364 536 432 555 fiscalis
447 536 547 554 remittitur
564 536 671 560 particulari
691 536 829 557 consuetudini,

159 567 271 591 prudentiae
285 567 315 585 vel
330 567 410 592 imperio
425 567 527 586 Ordinarii.

200 601 225 622 3⁰,
241 599 333 617 Rectores
348 605 381 625 seu
396 598 560 617 administratores
574 598 702 620 ecclesiarum,
718 599 753 617 nisi
768 599 830 623 prohi-

159 630 239 648 beantur
253 630 277 648 ab
291 630 420 649 ecelesiastica
434 630 547 648 auctoritate
566 630 595 648 vel
610 636 621 648 a
635 630 778 654 particularibus
793 634 830 648 sta-

158 654 203 680 tutis
217 666 250 680 aut
264 662 438 683 consuetudinibus,
454 662 483 680 ius
497 661 568 680 habent
578 661 640 680 standi
648 662 666 680 in
674 661 744 680 iudicio
753 661 777 680 ad
788 662 829 680 iura

158 699 234 711 suarum
248 692 371 711 ecclesiarum
386 693 470 711 tutanda⁴

199 727 225 747 4⁰.
241 724 305 748 Quum
315 728 378 743 autem
394 731 431 742 non
441 724 479 742 sint
494 723 636 748 multiplicanda
650 724 702 742 entia
714 724 755 742 sine
766 729 830 742 neces—

158 755 219 776 sitate,
231 759 329 780 promotor
343 755 412 773 fiscalis
426 761 464 773 non
479 755 580 779 requiritur
594 755 612 773 in
628 755 701 773 iudiciis
715 755 827 776 summariis,

158 787 176 805 in
191 787 260 811 quibus
279 787 372 811 parochus
391 790 488 810 tamquam
508 786 649 805 administrator
663 790 719 805 natus
737 792 783 805 suae
797 793 829 811 pa-

157 819 232 837 roeciae
246 825 280 843 per
295 818 378 843 seipsum
393 818 478 836 defendit
492 817 521 836 vel
536 818 620 836 vindicat
637 818 677 836 iura
691 817 782 836 ecclesiae
797 824 828 842 pa-

157 849 249 868 roecialis.

198 883 222 904 5⁶.
244 881 292 899 Hinc
307 881 364 899 etiam
379 881 501 905 consequitur
514 880 559 905 quid
574 880 694 899 sentiendum
709 880 733 899 sit
746 880 770 899 de
787 886 828 899 sen-

157 912 216 930 tentia
230 911 308 930 secundi
326 912 375 930 turni
395 912 457 930 Rotae
471 912 594 933 Matritensis,
613 918 661 936 quae
679 911 749 930 nullam
767 912 828 930 decla-

157 943 205 962 ravit
225 943 339 961 sententiam
360 943 424 962 curiae
443 943 609 962 Santanderiensis
629 944 702 968 absque
721 944 827 962 interventu

156 974 272 998 promotoris
286 974 355 992 fiscalis
369 975 460 993 emissam
475 975 493 993 in
508 980 558 993 casu,
