915 1302
181 35 208 48 106
369 34 393 48 a<
400 34 415 48 s.
425 34 546 54 Congregmone
556 34 658 49 &nestorius

178 94 238 107 canae
252 95 277 107 ex
290 89 386 107 territorio
400 88 494 107 dioecesis
508 88 532 107 de
546 88 667 113 Tulancingo
686 88 782 107 civitatem
801 88 851 107 Tula

178 126 221 138 cum
236 120 311 138 adnexo
326 119 429 141 Vican'atu‚
444 126 501 144 quem
510 120 638 144 Traxcuapan
648 120 718 141 dicunt,
729 126 850 145 aggregare:

178 150 273 169 Sanctitas
287 150 326 169 Sua
340 151 429 169 omnibus
443 155 516 169 mature
530 151 634 175 perpensis.
650 150 677 169 rei
688 156 753 169 sacrae
762 156 851 175 procura·

177 182 225 200 tioni
240 181 313 200 meliori
327 188 365 206 qua
379 182 419 200 fieri
434 185 498 206 potest
511 182 585 200 ratione
601 181 702 206 providere
720 181 804 206 cupiens,
825 185 851 200 at-

177 213 236 232 tentis
249 213 348 238 expositis,
363 212 437 231 oblatas
451 219 518 237 preces
533 213 616 238 benigne
626 213 715 237 excipere
725 212 805 237 dignata
814 216 851 231 est.

218 244 331 269 Apostolica
345 244 409 268 itaque
419 244 531 263 auctoritate
541 244 643 263 Beatitudo
653 244 691 262 Sua
700 243 795 268 suppleto,
806 250 851 268 qua-

177 280 234 294 tenus
248 282 296 300 opus
310 276 340 297 sit,
356 281 519 300 quorumcumque
533 276 552 294 in
562 275 597 294 hae
607 281 627 294 re
638 276 729 294 interesse
739 275 850 294 habentium

176 306 208 326 vel
222 307 292 326 habere
307 307 470 332 praesumentium
484 313 583 328 consensu,
599 306 695 326 civitatem
707 306 794 325 Pachuca
804 312 851 325 nun-

177 342 268 362 cupatam
277 344 289 356 a
298 338 393 357 territorio
403 337 549 357 archidioeeesis
561 338 674 357 Mexicanae
688 337 790 362 separavit,
800 344 850 356 eam-

177 364 215 394 que
229 375 272 388 cum
286 369 376 389 omnibus
389 373 409 387 et
423 369 503 394 singulis
517 369 536 388 in
550 375 573 388 ea
587 369 712 388 existentibus
730 373 750 387 et
767 375 851 388 commo-

177 401 263 419 rantibus
276 401 360 419 dioecesi
374 400 399 419 de
413 400 534 426 Tulancingo
548 400 609 419 univit
622 404 642 419 et
655 400 749 421 attribuit:
766 400 851 424 itemque

177 432 202 450 ab
216 432 272 450 huius
285 432 379 451 dioecesis
393 432 488 450 territorio
502 431 598 450 civitatem
612 431 661 450 Tula
675 431 752 450 nomine
763 437 806 450 cum
818 431 851 450 ad-

178 469 228 482 nexo
242 463 304 482 eidem
319 463 416 482 vicariatu
430 463 557 487 Traxeuapfin
572 467 680 487 nuncupato
694 467 714 481 et
728 462 816 481 omnibus
830 467 851 481 et

177 494 258 519 singulis
271 494 290 513 in
305 501 328 513 ea
342 494 467 513 existentibus
481 498 501 513 et
514 494 676 513 commorantibus
690 494 754 512 divisit
768 498 787 512 et
799 494 850 513 avul-

176 525 206 546 sit,
221 529 279 550 atque
293 525 405 544 Mexioanae
419 525 511 544 ecclesiae
526 525 686 550 Metropolitanae
698 525 785 544 adiunxit
794 530 814 544 et
823 526 850 544 in—

176 557 285 582 corporavit
299 557 326 576 ita
340 561 360 577 ut
373 557 392 575 in
401 561 499 582 posterum
509 557 596 576 civitates
605 557 714 582 praedictae
724 557 848 576 iurisdietioni

177 587 287 607 Praesulum
301 588 417 607 dioecesium
431 588 500 612 quibus
514 588 550 607 hoc
565 588 691 607 consistoriali
705 588 782 607 decreto
792 588 850 607 adne—

176 625 217 638 xae·
227 623 276 640 sunt,
291 619 330 638 sint
343 619 446 640 subiectae,
457 623 514 644 prout
528 619 620 638 hactenus
634 619 739 646 respective
752 619 850 638 subiectae

176 651 252 670 fuerunt
265 651 389 670 iurisdietioni
403 655 423 669 et
439 651 546 670 auctoritati
563 651 675 670 Antistitum
692 651 805 670 Mexicanae
822 657 850 670 ar-

176 682 302 701 chidioecesis
315 686 335 701 et
348 682 442 701 dioecesis
455 682 480 701 de
494 682 621 707 Tulancingo.

217 713 247 732 Ne
260 719 306 732 vero
320 713 389 732 exinde
404 712 470 732 incolis
485 713 582 731 civitatum
597 713 684 731 Paehuca
697 717 717 731 et
731 712 781 732 Tula
791 713 849 731 ullum

176 744 267 763 obveniat
280 745 380 766 damnum,
398 744 490 769 praecipit
508 744 576 763 eadem
590 744 686 769 Sanctitas
700 744 738 763 Sua
752 748 773 763 ut
791 744 850 763 docu-

177 779 242 794 menta
256 775 325 796 omnia,
340 775 419 794 easdem
428 775 516 794 civitates
524 781 628 799 earumque
639 775 710 794 incolas
720 775 848 800 respicientia,

176 812 188 825 a
202 806 319 825 cancellariis
337 806 454 825 dioecesium
471 806 490 825 in
507 806 575 830 quibus
594 806 692 830 hucusque
711 810 786 825 servata
805 810 850 825 sunt

175 837 305 858 extrahantur,
320 841 340 855 et
353 837 418 856 debita
433 837 492 856 forma
506 837 624 856 cancellariis
635 837 729 864 dioecesis
743 837 768 856 de
779 837 850 856 Tulan-

176 869 235 894 ein'go
248 872 268 887 et
282 868 448 893 archiepiscopalis
462 868 555 887 ecclesiae
569 868 682 887 Mexicanae
696 868 802 893 respective
812 873 849 887 tra-

176 900 251 921 dantur,
267 900 285 918 in
300 900 368 919 iisdem
382 900 400 918 in
415 904 512 924 posterum
527 900 630 921 servanda;
646 900 738 924 iussitque
752 900 806 919 hisce
820 907 849 919 su·

177 937 211 956 per
224 931 281 950 rebus
295 937 386 956 praesens
400 931 431 949 edi
445 931 543 950 decretum
557 931 693 953 consistoriale,
709 931 788 956 perinde
804 931 849 950 vali·

175 966 239 981 turum
253 968 275 982 ac
290 962 305 982 si
320 969 377 987 super
391 962 500 987 praemissis
519 962 603 981 Litterae
622 959 746 987 Apostolicae
763 963 798 981 sub
817 968 849 981 an-

177 993 221 1012 nulo
236 993 337 1013 Piscator-is
354 993 458 1018 expeditae
475 994 559 1015 fuissent.
582 993 635 1012 cuius
653 994 786 1012 executionem
805 1000 849 1013 cum

175 1024 295 1043 facultatibus
310 1025 421 1043 necessariis
435 1028 454 1043 et
468 1025 581 1049 opportunis
595 1025 653 1043 etiarn
668 1024 812 1049 subdelegandi.
823 1024 849 1043 ad

175 1055 264 1074 effectum
278 1056 302 1075 de
317 1062 355 1080 quo
370 1057 438 1081 agitur,
454 1062 594 1081 quamcumque
607 1056 663 1075 aliam
677 1062 779 1081 personam
790 1056 809 1075 in
819 1063 848 1075 ee-

175 1086 283 1106 clesiastica
296 1087 390 1112 dignitate
405 1087 533 1108 constitutam,
543 1087 638 1106 commisit
651 1087 674 1105 R.
691 1087 710 1105 P.
726 1087 750 1106 D.
766 1087 848 1112 Iosepho

177 1117 246 1137 Ridolfi
256 1118 407 1143 Aschiepiscopo
416 1118 515 1143 Episcopo
525 1118 630 1137 Tudertino
640 1122 660 1137 et
669 1118 688 1137 in
698 1118 800 1137 Mexicana
811 1119 848 1138 Re-
