915 1302
178 53 182 63 =
187 49 205 67 ³⁴
478 50 544 70 Epium

434 112 585 133 EPISTOLA

175 152 218 174 Qua
230 152 276 170 Pius
288 152 324 170 PF
336 153 355 169 X
366 153 435 170 laudat
450 154 513 170 zelum
527 153 573 174 piae
590 153 708 170 Sodalitatls
719 158 732 170 a
746 153 766 170 S.
778 153 845 170 Hiero-

214 184 273 200 aymo
285 184 321 200 pro
333 179 435 196 diffusione
447 179 469 196 S
482 180 640 201 Evangeliomm

368 231 482 244 vammum-1
495 231 565 244 FRATRI
579 231 653 245 NOSTRO

256 262 360 275 FRANCtsco
379 264 391 275 Α
409 262 471 275 PAULA
489 262 504 275 S·
522 262 539 275 R.
556 263 573 275 Ε.
593 262 649 275 CARD.
669 262 764 276 CASSETTA

273 293 362 307 PATRONO
377 293 419 306 PlAE
433 293 558 307 SODALITATIS
572 294 584 306 A
599 294 614 307 S.
629 294 742 307 ffllmommo

349 325 413 338 sacms
428 325 540 338 evanum-115
554 325 667 338 vvmnums.

442 368 498 386 PIUS
512 368 546 386 PP.
563 368 581 387 X

368 404 486 422 Venerabilis
500 404 571 422 Frater
583 404 659 425 Noster,

304 435 384 453 salutem
398 438 415 453 ct
428 435 556 459 Apostolicam
571 435 717 456 bendictionem.

216 484 255 507 Qui
271 484 322 508 piam
344 490 355 502 a
374 484 446 502 Sancto
467 484 585 508 Hieronymo
602 484 725 502 Sodalitatem
745 484 783 502 iam
802 484 847 502 inde

176 515 285 540 precatione
299 515 350 534 bona
364 515 487 539 felicibusque
501 515 591 539 auspiciis
600 521 665 534 sumus
675 515 776 539 prosecuti.
787 521 845 539 quum

176 546 322 565 Patriarchalem
338 546 460 565 venetiarum
475 547 649 565 administraremus
666 546 772 567 ecelesiam,
790 552 845 567 nunt:¹

177 584 212 596 nec
226 582 290 596 tamen
305 577 374 596 multos
389 582 432 602 post
447 584 513 599 annos,
532 584 557 596 ex
576 576 673 596 Ecclesiae
692 584 781 602 suprema
800 578 846 596 sede

177 609 292 634 singularem
306 609 409 634 quamdam
428 609 514 628 videmus
531 609 647 634 voluptatem
666 615 722 634 posse
741 610 845 633 percipere,

176 641 233 665 quod,
249 641 301 659 brevi
316 645 408 665 tempore,
424 640 519 665 profectus
538 640 625 659 eamdem
644 641 710 659 fecisse
729 645 793 659 tantos
811 640 845 659 ἔην

176 676 255 697 ctusque
269 672 335 691 tulisse
348 676 387 691 tam
405 672 474 693 uberes
493 672 626 697 intelligamus.
642 672 685 690 Non
704 673 754 691 enim
773 672 846 691 Italiam

177 704 240 725 modo.
256 704 310 722 euius
324 704 342 722 in
357 704 434 722 urbibus
448 704 484 722 tria
498 703 575 722 condita
593 704 669 724 seimus,
685 700 719 728 pro
737 703 846 722 fecundiore

146 746 148 748 v
176 735 288 754 efficacitate
303 735 336 756 rei,
351 735 498 753 consociationis
512 734 613 756 domicilia,
625 735 658 753 sed
669 735 725 753 etiam
736 735 847 753 Amerieam

177 766 328 790 Hieronymiana
335 765 430 785 Sodalitas
440 765 523 790 vulgatis
533 765 644 790 Evangeliis
654 766 742 790 pervasit,
753 772 777 784 eo
787 772 846 790 usque

177 797 275 822 proferens
282 797 345 818 libros.
357 797 388 815 ubi
399 797 480 815 italicam
490 797 604 821 comperiret
613 801 747 821 personantem
754 797 845 822 linguam,

177 829 200 847 iis
214 829 295 847 maxime
317 828 429 847 adiuvandis
446 829 478 853 qui
493 834 521 846 ·ex
540 828 594 846 ltalia
610 828 729 853 migrassent⁴
752 828 846 853 Equidem

177 860 336 885 exemplariorum
351 860 409 878 ferme
423 860 529 884 quingenta
543 859 600 878 millia
614 866 657 878 esse
671 859 723 878 edita
740 863 760 878 et
778 866 848 884 oppor-

178 895 224 910 tuno
232 891 302 910 iudicio
309 891 431 910 disseminata
442 891 460 909 in
470 891 544 915 vulgus.
555 891 591 909 ista
601 890 700 918 splendide
710 895 847 909 commonstrat

177 929 213 943 res.
229 923 291 941 socios
305 923 369 947 operis
383 922 473 941 institisse
488 922 586 947 negotium
601 922 706 940 incredibili
716 922 799 946 quodam
809 926 847 941 stu-

177 954 214 975 dio.
230 954 407 979 praegrandemque
421 953 492 978 agendi
507 960 595 978 eampum
610 953 734 972 Sodalitatem
744 959 787 972 esse
798 960 847 972 com-

177 985 259 1010 plexam.
274 985 343 1004 Mirum
358 984 423 1009 procul
437 985 496 1003 dubio
511 985 588 1006 facinus,
604 989 695 1009 tantoque
713 984 732 1003 id
751 985 813 1009 magis
831 985 847 1003 si

177 1017 241 1035 tenuia
255 1016 387 1041 assequendae
401 1016 427 1034 rei
443 1016 538 1040 praesidia
547 1016 666 1041 cogitentur:
677 1016 779 1034 iucundum
789 1016 846 1034 etiam

177 1052 196 1066 et
210 1047 271 1066 fauste
285 1048 410 1072 auspicatum.
425 1048 440 1065 si
455 1047 573 1072 propositum
588 1047 680 1066 Sodalitio
694 1047 765 1065 bonum
775 1052 847 1071 specte-

178 1085 224 1099 mus,
240 1079 403 1104 opportunitatem
424 1085 499 1103 nempe,
514 1079 660 1103 facilitatemque
675 1078 788 1097 multitudini
803 1079 847 1097 offe-

177 1110 256 1129 rendam
270 1110 371 1135 Evangelii
385 1110 497 1135 perlegendi
512 1110 696 1134 contemplandique,
712 1109 779 1128 horum
790 1110 847 1134 potis„

178 1142 246 1161 simum
260 1142 279 1160 in
294 1142 439 1160 necessitatibus
453 1145 561 1166 temporum
576 1141 653 1166 quando
668 1141 729 1162 nimis.
744 1147 801 1165 quam
815 1148 847 1160 un-
