915 1302
374 44 431 58 Τνείειι4
643 52 645 54 »
710 44 734 58 151

106 97 166 116 Aliud
181 102 279 122 praeterea
293 102 427 122 argumentum
442 97 521 116 solidius
535 103 570 122 pro
579 97 715 116 exoneratione
725 103 737 116 a

67 129 161 148 solutione
175 129 282 148 huiusmodi
292 133 349 148 taxae
360 129 454 147 invenitur
464 129 483 148 in
491 129 567 147 mutatis
577 133 684 153 temporum
694 135 737 147 con-

66 160 176 181 ditionibus,
191 166 249 184 quum
264 160 322 179 modo
336 160 409 178 reditus
423 159 557 178 beneficiorum
572 164 616 178 sunt
629 159 685 178 valde
704 160 737 178 im·

67 191 132 210 minuti
147 191 173 210 ob
187 197 245 209 onera
259 191 331 210 fiscalia
344 195 400 210 taxae
414 191 540 209 successionis
549 191 647 212 adauctae,
658 195 677 209 et
686 191 736 209 vitae

65 223 180 248 sustentatio
194 222 287 241 difficilior
301 222 367 241 evasit.
389 222 419 240 Ex
438 222 474 241 hoc
493 222 563 241 sactum
579 226 609 240 est
623 226 643 241 ut
661 222 736 241 exactio

66 253 120 272 huius
135 257 192 272 taxae
206 253 244 272 fere
259 253 277 272 in
292 253 380 271 omnibus
395 253 460 272 ltaliae
479 253 599 272 dioecesibus
616 254 700 278 eoeperit
717 254 736 272 in

65 285 212 304 desuetudinem
226 285 287 306 abire.
307 285 333 303 uti
353 285 468 309 expenditur
482 284 501 303 in
520 285 598 303 Nolana
608 296 620 299 -
631 285 737 303 Soluliom's

65 316 103 335 diei
118 322 130 339 9
141 316 195 341 Sept.
208 317 264 340 1893.
279 316 344 339 Quum
357 316 409 335 enim
423 316 530 340 Episcopus
545 315 630 335 Nolanus
639 316 736 341 exposuis-

66 352 94 366 set
108 348 158 366 hanc
173 348 191 366 in
206 353 240 366 sua
254 347 337 366 dioecesi
352 347 419 366 adesse
434 348 596 368 consuetudinem,
608 348 626 366 vi
638 348 692 366 cuius
706 354 736 366 ca-

66 379 129 397 nonici
143 385 190 397 suae
204 378 317 398 cathedralis
332 378 401 403 aliique
416 378 522 397 beneficiati
537 385 558 397 se
573 378 666 404 putabant
681 385 693 397 a
709 378 735 397 di«

66 414 106 428 ctae
122 414 179 429 taxae
193 409 287 429 solutione
297 414 421 430 exoneratos:
437 409 485 428 haee
495 410 514 428 S.
525 409 546 428 C.
558 410 664 434 rescripsit:
683 417 691 427 a<
701 410 735 428 At-

66 441 122 460 tentis
137 441 264 465 peculiaribus
277 445 385 465 temporum
400 447 501 465 rerumque
515 440 614 462 adiunctis.
625 441 685 465 iisque
695 446 735 465 per·

66 472 183 493 dui-antibus,
199 472 243 491 nihii
251 478 294 491 esse
302 471 430 490 innovandum
440 479 449 489 ι
463 473 501 496 (1).
512 472 561 490 Hinc
571 472 628 490 etiam
639 478 735 496 possesso·

67 510 95 522 res
106 503 286 522 mansionariatuum
296 503 315 521 in
325 503 409 521 themate
422 509 460 521 non
470 503 557 521 videntur
566 509 608 521 esse
619 503 735 527 inquietandi

66 535 129 559 quoad
144 535 219 554 mediae
233 539 315 553 annatae
329 534 448 553 solutionem.

105 566 201 586 Decisio.
216 564 239 585 S?
250 566 322 590 Congr.
338 565 424 586 Concilii.
440 571 460 584 re
474 565 498 584 ad
513 566 601 584 trutinam
616 570 689 585 vocata.
704 565 735 584 die

66 603 89 615 22
105 597 219 615 Decembris
236 598 285 620 1906
300 596 455 621 respondendum
470 597 552 615 censuit:
747 599 749 601 “

104 628 189 646 Attentis
200 628 331 652 peculiaribus
349 628 508 649 circumstantiis,
523 628 577 646 nihil
591 634 628 646 asse
642 628 734 646 innovan-
749 643 752 644 γ

64 659 113 677 dum.

104 690 211 715 Colliges.
228 693 251 709 1⁰.
262 691 283 709 in
298 690 351 709 ltalia
366 690 471 715 insulisque
484 690 616 709 adiacentibus
630 691 694 709 omnia
704 691 735 709 be-

65 721 139 743 neficia,
151 722 209 740 etiam
223 722 288 746 exigui
307 722 384 743 valoris.
405 722 489 740 obnoxia
508 728 542 746 per
559 728 580 740 se
598 726 642 740 sunt
660 721 734 740 mediae

65 757 143 771 armatae
158 752 261 771 solvendae
276 759 311 777 pro
325 753 396 772 fabrica
410 753 502 771 ecelesiae
516 752 630 790 cathedralis
639 752 669 771 vel
679 752 734 771 colie-

65 783 127 808 giatae
141 784 271 803 restauranda.

105 817 129 833 2⁰.
140 815 213 839 Excipe
228 815 264 833 nisi
279 815 297 833 in
311 816 354 839 ipsa
368 815 454 834 beneficii
471 815 568 834 erectione
584 815 662 835 decreta
680 816 735 834 fuerit

65 846 175 864 exoneratio
189 846 213 864 ab
228 846 336 865 huiusmodi
351 851 407 865 taxae
422 847 522 868 solutione,
537 847 566 865 vei
581 846 633 869 aliud
643 853 692 871 opus
702 851 735 865 aut

66 877 196 900 patrimonium
210 881 263 901 extet
272 878 302 896 cui
312 878 405 896 incumbit
415 879 534 896 manutentio
543 878 625 897 fabricae
634 878 733 898 ecclesiae.

104 911 128 932 3⁰.
139 909 202 927 Hodie
216 913 280 927 tamen
295 915 338 927 eum
349 909 420 928 reditus
430 909 564 928 beneficiorum
574 909 668 928 imminuti
678 909 734 928 valde

66 938 101 957 sint
113 939 153 958 sive
167 940 186 958 in
201 940 269 964 seipsis
283 940 323 958 sive
342 940 367 959 ob
386 940 461 959 adnexa
478 946 536 959 onera
554 940 632 961 fiscalia,
653 947 734 965 cumque

66 969 116 989 aliter
129 971 148 989 in
162 977 235 996 genere
249 971 347 995 provisum
361 971 385 990 sit
395 972 533 991 manutentioni
543 971 626 991 fabricae
635 972 732 994 ecclesiae,

66 1000 132 1020 solutio
146 1002 221 1021 mediae
235 1006 318 1020 annatae
333 1009 371 1021 non
386 1009 462 1027 semper
476 1003 540 1028 urgeri
554 1003 609 1022 solet.

104 1034 128 1055 4⁶.
141 1032 225 1051 Demum
239 1033 293 1051 iuxta
307 1033 435 1052 resolutiones
449 1034 505 1052 huius
519 1034 537 1052 S.
554 1033 576 1053 C.
591 1034 609 1053 in
629 1035 734 1053 Tiburtina

68 1068 79 1084 4
89 1062 130 1082 Maii
144 1070 199 1087 1734.
210 1068 230 1082 et
243 1064 261 1083 in
276 1065 352 1083 Aesina
367 1065 390 1083 28
402 1065 443 1083 Iulii
456 1065 504 1088 1873
520 1065 539 1084 in
554 1065 648 1084 solutione
658 1066 733 1084 mediae

729 1112 734 1120 ι

104 1134 124 1152 (ι)
135 1134 163 1148 Cir.
176 1135 211 1149 Acta
222 1135 236 1149 S.
248 1135 295 1152 Sedis,
306 1135 334 1150 vuL
346 1136 369 1153 26,
381 1140 413 1155 pag„
424 1140 458 1154 ⁴²⁴·

224 1164 231 1178 Ι
