915 1302
168 57 186 74 7(—
338 56 364 70 Ex
374 56 390 70 s
399 55 415 70 c.
424 55 530 74 Episcopnrum
541 58 556 69 e!
566 55 664 75 &gazarim

208 108 282 132 Quibus
297 108 413 133 praehabitis
427 108 519 133 egregius
532 108 561 127 vir
578 108 602 126 ad
620 107 718 132 proposita
734 107 792 126 dubia
811 107 837 126 ita

167 146 202 165 per
216 140 302 158 ordinem
317 140 425 165 respondit:
700 140 714 144 ““

207 171 239 190 Ad
254 171 267 190 Ι.
283 171 378 196 Negative
392 170 456 195 quoad
470 170 596 189 confessarios
610 170 771 189 extraordinarios
781 170 838 194 parti-

167 201 240 221 culares
253 202 375 221 habitualiter
388 202 484 226 expetitos
499 207 510 220 a
525 201 606 226 singulis
620 201 723 226 Religiosis
743 201 769 220 uti
789 200 838 219 ordi-

168 233 231 252 narios
245 239 310 252 earum
324 233 460 254 confessarios:
475 233 587 251 affirmative
596 233 659 257 quoad
670 233 796 251 confessarios
806 239 838 251 ex-

167 264 303 283 traordinarios
322 265 429 290 generatim
452 264 540 283 omnibus
562 263 666 288 Religiosis
684 264 793 288 propositos
812 264 838 283 ad

168 301 253 314 normam
268 295 339 315 decreti
355 295 519 319 Quemadmodum.

208 327 239 345 Ad
254 327 276 345 ll.
296 327 390 352 Negative
408 327 517 345 immediate
536 330 580 351 post
598 326 717 351 praedictum
736 327 838 345 triennium

167 358 277 377 confessarii
291 358 380 377 ordinarii
394 362 414 376 et
428 362 531 382 antequam
543 357 628 382 elapsum
639 358 693 376 suerit
702 357 753 376 aliud
763 364 774 376 a
784 364 838 382 prae-

167 390 219 408 dicto
233 389 295 409 officio
310 390 414 408 vacationis
428 389 534 408 triennium.

208 420 240 439 Ad
254 421 284 439 111.
300 421 400 446 Negative.
416 420 450 439 sed
460 419 552 439 moniales
561 420 675 445 quandoque
685 420 771 439 obtinere
785 424 839 445 pote-

167 456 216 473 runt,
232 452 250 470 in
265 451 379 476 peculiarem
393 451 539 472 confessarium,
559 451 677 475 praedictum
695 451 838 473 confessarium,

167 483 220 502 cuius
234 482 314 501 consilio
328 487 348 501 et
363 489 426 507 opera,
442 483 496 501 iustis
514 482 538 501 de
555 483 627 504 causis,
645 482 732 508 indigere
751 489 772 501 se
790 483 840 501 arbi-

168 518 251 535 trantur,
262 520 300 532 non
314 520 339 532 ex
353 514 411 532 animi
425 513 501 532 levitate
516 519 578 538 neque
587 520 612 532 ex
621 513 723 532 indiscreta
733 514 839 533 affectionis

168 544 305 569 singularitate,
316 549 336 563 et
345 545 422 569 praevia
432 544 523 569 requisita
538 544 633 563 Ordinarii
643 545 787 569 approbatione.
799 545 838 564 Cfr.

168 576 258 596 Nomou,
273 580 307 594 art.
326 581 421 599 144-145.

208 607 240 626 Ad
255 607 286 626 IV.
301 607 421 626 Affirmative
435 611 498 626 stante
516 611 535 626 et
553 607 634 627 durante
653 607 775 629 necessitate.
796 614 840 632 pru-

167 639 220 658 denti
234 638 319 657 eiusdem
334 638 429 658 Ordinarii
443 638 519 660 iudicio,
534 639 568 657 sed
583 645 618 663 pro
632 643 673 658 toto
687 639 808 658 monasterio.

208 670 239 689 Ad
255 670 277 688 V.
292 670 390 689 Provisum
405 670 424 688 in
438 670 500 695 primo
514 674 534 688 et
548 670 609 688 tertio.

207 701 239 720 Ad
253 701 284 720 VI.
306 701 425 720 Affirmative
444 701 468 719 ad
486 701 566 726 primam
586 705 669 726 partem;
692 701 716 721 ad
735 701 839 720 secundam

168 737 243 757 partem
257 733 370 751 affirmative
384 733 418 751 sed
432 739 468 757 pro
481 736 522 751 toto
537 733 659 751 monasterio.

209 764 241 782 Ad
255 764 296 782 VII.
312 763 431 782 Affirmative
446 763 470 782 ad
485 763 565 788 primam
586 767 670 788 partem;
692 763 716 782 ad
735 763 839 782 secundam

168 799 248 819 partem,
264 800 302 813 non
316 801 374 819 posse
388 801 423 819 pro
437 794 519 813 triennio
533 794 643 813 immediate
658 794 750 819 sequenti.
766 794 839 819 absque

169 826 245 845 lieentia
265 826 283 844 S.
300 826 321 845 C.
336 826 376 844 EE.
391 830 411 844 et
423 826 475 847 RR.‚
495 826 625 844 confessiones
640 826 658 844 in
673 826 741 845 eodem
755 825 839 851 collegio

169 857 240 876 audire.

210 888 293 907 Demum
308 888 411 907 Consultor
424 888 472 907 haec
486 888 588 913 praecipua
597 888 737 907 reformationis
747 889 810 913 capita
819 888 838 907 in

170 919 198 941 ius
212 919 248 938 hac
262 919 287 938 de
301 925 321 938 re
330 919 454 938 constitutum
464 919 564 944 proponit;
580 925 649 944 nempe
658 919 710 944 quod
731 921 757 944 1⁰)
767 919 839 938 confes-

169 951 229 969 sarius
243 950 405 970 extraordinarius
419 951 437 969 in
452 957 487 969 suo
502 950 565 969 officio
580 951 654 969 nonnisi
669 950 694 969 ad
708 957 779 969 annum
795 957 840 975 per-

169 986 250 1003 severet,
265 988 304 1006 quo
317 981 389 1006 elapso,
405 982 511 1000 confirmari
522 982 583 1006 possit
592 982 616 1000 ad
626 982 731 1001 secundum
740 982 770 1001 vel
780 982 838 1001 etiam

169 1013 193 1032 ad
207 1013 283 1032 tertium
298 1019 375 1034 annum,
390 1013 443 1031 iuxta
457 1019 481 1031 ea
494 1019 542 1037 quae
557 1017 628 1032 statuta
643 1017 688 1031 sunt
701 1019 737 1038 pro
751 1013 838 1032 triennali

169 1044 312 1063 confirmatione
326 1044 436 1063 confessarii
446 1044 546 1065 ordinarii:
559 1045 587 1068 2⁰)
598 1044 724 1063 confessarius
734 1044 840 1063 ordinarius

169 1079 213 1100 post
222 1075 318 1100 expletum
326 1075 427 1094 triennium
434 1075 521 1100 deputari
531 1075 593 1100 possit
602 1075 621 1094 in
633 1075 809 1097 extraordinarium.
820 1079 839 1094 et

169 1107 199 1132 hic
204 1111 249 1131 post
255 1113 326 1126 annum
333 1107 352 1125 in
360 1106 481 1128 ordinarium,
489 1107 593 1125 dummodo
601 1111 664 1125 tamen
672 1107 708 1131 ipsi
715 1107 784 1126 eodem
794 1111 840 1126 tem-

169 1144 215 1163 pore
229 1138 326 1162 proprium
341 1144 410 1156 munus
424 1138 507 1156 vicissim
518 1144 555 1157 non
566 1141 649 1159 mutent;
669 1138 698 1162 ³⁰)
708 1139 765 1157 etiam
775 1138 839 1163 Regu-
