915 1302
193 41 220 59 ¹⁵⁴
400 41 426 55 Ex
437 40 452 55 S.
461 40 581 60 Congu-egulinae
591 40 652 54 ancili?

191 96 249 118 (part.
258 100 272 119 9
282 97 353 114 recent„
368 94 403 112 det.
414 99 456 118 127,
467 100 486 113 n.
496 95 522 118 9)⁴
533 93 555 112 ld
569 93 654 112 firmatur
667 93 725 112 etiam
739 99 763 112 ex
778 93 860 117 quadam

190 125 288 144 decisione
302 125 353 144 edita
367 125 392 144 ab
406 125 441 143 hae
456 125 474 143 S.
486 125 508 143 C.
519 125 537 143 in
547 124 644 143 Firmana
654 135 665 138 -
678 124 811 148 cappellaniae
822 124 860 143 diei

191 163 201 174 2
205 163 215 180 3
226 157 272 175 Maii
286 157 341 180 1837.
357 157 408 175 Sane
422 162 464 174 cum
479 156 503 174 ad
517 156 613 180 quoddam
628 156 713 180 legatum
727 155 826 174 missarum
841 156 860 174 in

190 188 263 212 oppido
277 188 349 206 Montis
364 187 439 206 Rinaldi
456 187 519 206 vocati
537 191 602 205 essent
620 193 631 205 a
650 190 742 205 testatore
760 186 862 205 sacerdotes

191 219 246 237 illius
262 221 324 237 terma
337 221 355 237 cl
364 218 447 242 patrias,
462 218 486 236 ad
501 218 559 243 legati
575 218 784 242 comparticipationem
799 218 862 237 decla-

190 254 252 268 ratum
266 253 296 268 est
310 250 339 268 ius
353 250 423 268 habere
438 249 542 274 parochum
556 249 605 267 illius
615 249 680 273 oppidi
691 249 782 267 Albinum
793 248 860 270 Polini,

190 281 234 299 lieet
249 287 286 299 non
301 285 352 299 esset
366 281 430 305 oppidi
446 280 565 305 originarius.
582 280 615 298 sed
630 280 707 298 aliunde
717 285 777 298 natus.

231 312 271 331 Nec
285 312 340 331 aliam
356 312 413 330 fuisse
428 316 511 330 mentem
525 311 551 336 pii
566 311 656 330 donantis
666 311 761 335 praesumi
773 311 862 336 probabi-

189 343 232 362 liter
246 347 310 368 potest
324 350 348 362 ex
362 349 392 364 eo,
407 343 458 367 quod
474 343 514 367 ipse
529 349 562 367 per
577 342 635 361 talem
650 342 786 361 institutionem
801 343 862 362 voluit

189 376 299 399 prospicere
313 374 407 399 spirituali,
420 374 522 393 commodo
533 373 616 392 fidelium
626 374 694 393 unicae
704 375 804 398 paroeciae
814 375 861 393 dicti

189 406 261 430 oppidi,
277 406 295 424 in
310 406 363 424 cuius
378 405 473 424 territorio
487 409 542 424 erant
556 405 593 423 sita
607 405 645 424 duo
664 405 736 424 donata
755 405 860 424 latifundia.

190 437 239 455 Hinc
254 437 362 455 indistincte
376 436 464 455 vocando
478 437 503 455 ad
517 436 654 461 cappellaniam
670 443 764 461 pauperes
780 436 862 456 clericos

190 468 269 492 praefati
284 468 355 492 oppidi.
371 468 439 486 deduci
454 471 518 492 potest
531 467 652 492 complexum
666 467 724 486 fuisse
742 468 782 486 sive
801 468 862 493 origi-

190 500 253 518 narios
267 500 307 518 sive
321 499 462 520 domiciliarios,
477 505 520 517 cum
535 499 595 523 probe
612 499 685 523 utrique
704 499 766 517 clerici
785 499 817 518 fini
835 500 861 518 ab

189 537 213 549 eo
227 531 300 549 intento
314 530 431 554 respondere
445 534 529 554 possent.
544 530 598 548 Haec
612 534 676 548 autem
695 530 798 554 probabilis
816 537 861 549 con-

189 562 261 580 iectura
275 562 332 580 robur
342 562 422 586 acquirit
431 568 455 580 ex
466 562 515 580 facto
525 561 576 586 quod
587 562 605 580 in
617 563 713 580 communi
724 561 813 586 loquendi
824 569 860 581 usu

188 592 219 611 illa
233 593 292 611 dictio
310 601 318 610 ‹
328 593 407 611 chierici
414 593 445 611 del
455 593 535 611 Comum
544 600 553 610 »
571 593 632 611 innuit
641 597 715 611 tantum
725 593 860 617 pertinentiam

190 624 245 642 huius
259 624 289 642 vel
304 624 353 642 illius
367 623 429 642 cleriei
444 624 469 642 ad
483 623 566 648 aliquem
580 624 642 642 locum
652 629 672 642 et
682 624 726 643 hinc
736 625 861 649 eomprehen-

188 655 216 673 dit
230 659 270 673 tum
285 656 336 674 cives
350 655 466 680 originarios
480 659 519 673 tum
529 654 669 673 domiciliarius.

229 686 259 704 Ex
273 686 354 705 adverso
369 691 433 705 tamen
451 686 598 710 expendendum
617 687 669 704 venit
686 686 737 711 quod
756 687 861 711 praecitata

189 717 247 736 dictio
265 724 274 735 ‹
283 718 362 736 chierici
374 718 405 736 del
420 718 500 736 Comum
509 725 518 734 »
537 718 626 742 primario
640 722 660 736 et
669 718 778 737 immediate
788 719 861 737 indicat

189 749 268 768 clericos
282 750 314 773 qui
328 755 373 767 vere
387 753 406 768 et
420 748 530 767 naturaliter
544 749 579 767 orti
594 753 638 767 sunt
652 749 670 767 in
688 749 760 773 oppido
773 749 792 767 S.
808 749 860 768 Ana-

188 781 264 799 stasiae.
280 780 336 799 Unde
350 787 393 799 cum
407 780 429 798 in
440 780 524 799 themate
538 779 587 798 clara
601 784 621 798 et
630 786 721 804 expressa
731 780 756 805 pii
770 780 860 799 donantis

188 811 277 830 voluntas
290 812 392 833 habeatur..
404 817 504 836 perperam
518 811 542 829 ad
557 812 675 830 cunieeturas
689 815 708 830 et
722 812 860 836 praesumptio-

189 849 223 861 nes
237 843 257 861 fit
271 849 362 865 recursus,
372 847 392 861 ut
409 849 433 861 ea
451 842 564 861 extendatur
585 843 610 861 ad
629 842 708 861 clericos
724 842 860 869 domiciliarios

177 874 268 899 *praefati
283 874 355 898 oppidi.
370 874 396 892 Et
410 880 477 898 reapse
491 874 515 892 de
530 874 623 898 particula
636 874 678 894 nii,
689 874 736 893 dcl»
754 880 813 899 saepe
822 874 860 892 dis-

189 910 275 930 putatum
290 910 319 924 est
333 906 383 930 apud
398 905 487 924 doctores
501 912 523 924 ac
540 905 651 926 tribunalia,
666 911 691 924 an
705 912 729 924 ea
742 905 798 924 alicui
816 905 859 924 loco

188 937 278 961 apposita
292 937 386 961 originem
401 941 474 955 tantum
489 937 618 955 immediatam
634 937 723 961 importet
737 936 767 955 vel
781 937 859 955 domici-

188 967 233 986 lium
247 968 305 986 etiam
320 967 409 990 includat,
424 972 444 986 et
458 968 546 992 quamvis
560 968 663 986 admissum
681 968 736 986 fuerit
755 968 859 992 aliquando

188 1005 230 1017 eam
245 999 353 1023 significare
367 1006 424 1024 posse
438 1005 515 1018 causam
530 1003 623 1017 remotam
638 999 742 1017 seeundum
753 999 858 1017 subiectam

188 1030 293 1051 materiam,
309 1031 386 1055 quando
400 1031 427 1049 ita
440 1034 536 1049 constaret
550 1030 574 1048 de
590 1034 653 1048 mente
667 1030 792 1054 disponentis.
805 1034 825 1048 ut
839 1030 858 1048 in

188 1062 223 1086 leg.
234 1062 330 1086 Sifim‘ta,
337 1061 353 1087 §
359 1062 439 1082 Deinde,
440 1061 466 1086 ff
474 1061 495 1080 dc
502 1061 551 1079 dam.
558 1061 621 1085 infec„
629 1061 736 1086 generatim
744 1066 808 1080 tamen
816 1068 858 1080 eau—

188 1099 228 1112 sam
243 1093 351 1118 significare
365 1093 494 1112 immediatam
509 1093 590 1111 traditur
607 1093 658 1117 apud
673 1093 776 1111 Sabellium
794 1093 856 1116 (Sum.

188 1125 263 1145 dizrcrs..
272 1124 288 1150 §
297 1125 399 1145 Dictiones,
410 1131 427 1143 n.
438 1123 471 1147 26)
488 1128 508 1143 et
522 1124 627 1142 Barbosam
648 1124 724 1147 (Tract.
739 1125 761 1142 de
773 1124 857 1145 diction„
