915 1302
181 50 202 64 80
392 50 418 64 Ex<
428 50 443 64 S.
453 50 573 70 Cangraegalmne
582 50 645 64 Concilii

181 109 262 126 tenetur,
277 109 317 123 turn
327 104 453 123 confessarius
463 104 625 123 extraordinarius
634 104 756 129 particularis.
767 104 799 129 qui
809 111 852 123 con-

181 135 284 154 fessionem
298 135 416 160 singularum
431 136 540 155 monialium
550 135 580 154 vel
590 142 676 154 sororum
686 135 751 154 audire
760 139 824 160 potest
834 136 851 154 in

181 167 242 186 tribus
255 167 355 186 dumtaxat
369 167 449 188 casibus.
466 173 534 191 nempe
554 167 572 185 in
586 173 631 185 casu
650 167 714 192 gravis
733 167 851 188 infirmitatis,

181 198 211 217 vel
226 198 358 223 insuperabilis
375 198 498 217 reluctamine
516 198 608 217 adversus
627 198 762 217 confessarium
779 197 852 216 ordina·

181 230 235 251 rium.
251 229 281 248 vel
295 230 353 248 etiarn
367 235 402 254 pro
416 229 508 254 spirituali
522 229 653 248 consolatione
667 233 687 248 et
701 229 792 254 prosectu.

223 263 248 284 3⁰.
259 261 309 280 Hinc
323 260 423 279 abolentur
436 261 514 279 omnino
528 260 637 279 confessarii
652 260 796 279 extraordinarii
811 266 853 285 par-

181 292 274 313 ticulares,
289 292 321 316 qui
331 291 453 311 habitualiter
461 296 576 317 expetuntur
583 298 595 310 a
604 291 683 316 singulis
692 291 796 317 Religiosis
805 296 852 310 tam-

180 330 239 348 quam
253 323 336 348 ipsarum
351 323 458 342 confessarii
473 323 569 343 ordinarii.

222 357 248 378 4⁶,
259 354 391 373 Consessarius
405 361 451 373 vero
465 355 571 373 ordinarius
581 354 690 373 immediate
701 358 745 379 post
754 354 852 378 expletum

180 386 282 404 triennium
297 385 376 404 concedi
389 385 441 404 valet
454 386 474 404 in
486 385 621 404 confessarium
631 385 801 404 extraordinarium
811 391 854 410 par-

180 417 278 435 ticularem
293 423 328 441 pro
342 417 402 435 tribus
416 417 514 436 recensitis
533 417 617 438 casibus;
637 421 661 437 at,
681 417 715 435 nisi
730 417 854 435 consessan'c»

181 454 222 466 rum
237 448 316 472 penuria
330 452 413 469 excuset,
429 448 529 466 dumtaxat
542 452 586 473 post
601 454 671 466 annum
686 454 697 466 a
711 444 786 466 triennii
801 448 854 472 expi-

180 479 254 498 ratione
268 479 356 504 deputari
370 483 433 504 potest
447 479 466 497 in
481 479 616 498 confessarium
630 479 801 497 extraordinarium
820 485 853 504 ge-

181 510 265 529 neralem
279 511 297 529 in
312 511 380 529 eodem
396 511 515 529 monasterio.

223 544 248 565 5⁰.
263 542 379 561 Consessarii
397 546 461 560 autern
477 542 621 560 extraordinarii
639 542 679 560 sive
697 541 798 567 generales
812 541 853 560 sive

181 573 304 597 particulares
318 579 356 591 non
371 573 515 597 adstringuntur
529 572 567 598 legi
581 573 662 594 triennii,
682 577 726 591 sunt
744 577 808 591 tamen
828 572 852 591 ad

182 608 247 622 nuturn
262 604 353 628 Episcopi
368 603 484 625 amovibiles,
500 608 557 628 atque
571 610 596 622 ex
610 610 631 622 se
645 604 689 629 eligi
704 603 769 622 valent
780 604 799 622 in
809 610 853 622 con-

181 635 270 654 fessarios
285 635 396 655 ordinarios.

283 737 323 765 EX
339 736 363 765 S.
375 736 612 765 CONGREGATIONE
628 736 749 765 CONClLIl

450 779 585 793 ἡξ-

427 821 606 840 ALBINGANEN.

404 863 472 876 tumim
486 862 630 875 PARoci-unuum

180 905 212 922 An
224 904 357 925 viceparocho,
369 905 389 922 in
401 909 494 922 concursu
507 910 550 922 curn
561 905 626 925 aliquo
640 906 738 926 canonico,
751 906 851 926 competat

225 932 255 948 lus
267 931 365 949 deferendi
376 932 449 949 stolam
461 932 481 949 in
493 932 612 949 cadaverum
623 932 760 949 associatione.

221 975 384 1001 Compendium
397 976 458 997 facti.
473 977 493 995 In
508 976 609 1001 paroeciali
624 977 704 996 ecclesia
713 977 794 996 civitatis
808 978 852 996 Por-

180 1011 211 1026 tus
226 1007 315 1028 Mauritii,
330 1008 424 1026 dioecesis
438 1007 594 1033 Albinganensis,
607 1012 660 1027 extat
678 1008 780 1033 collegium
798 1009 852 1028 cuius

180 1039 242 1063 prima
255 1039 339 1064 dignitas
353 1043 382 1058 est
396 1039 517 1063 Praepositus
531 1039 630 1064 parochus.
645 1040 765 1064 Capitulares
774 1040 823 1059 inter
832 1044 852 1059 et

181 1070 285 1094 parochum
299 1070 408 1095 frequenter
420 1070 494 1095 agitata
503 1070 537 1089 fuit
546 1071 639 1095 quaestio,
649 1072 724 1090 cuinam
734 1076 852 1096 competeret

181 1101 210 1119 ius
224 1100 321 1120 deferendi
336 1101 404 1120 stolam
419 1102 436 1120 in
451 1101 534 1120 funereis
548 1102 714 1124 associationibus,
734 1109 804 1127 quum,
821 1103 852 1121 ab·

180 1136 234 1151 sente
248 1132 338 1157 capitulo.
353 1133 454 1151 intervenit
471 1132 571 1151 dumtaxat
588 1133 656 1158 aliquis
672 1134 775 1153 canonieus
793 1134 851 1153 veluti
