915 1302
176 58 195 76 4²3
377 58 402 72 Ex
413 58 427 72 s.
441 58 457 72 α
468 58 486 72 de
497 58 597 77 Fropaganda
609 58 645 72 me

177 108 310 133 Congregatio
324 108 349 126 de
364 108 491 133 Fropaganda
501 108 553 130 Fide,
568 108 621 127 iuxta
630 112 696 127 votum
706 108 854 126 Reverendissi-

178 145 221 158 mae
236 139 388 160 Commissionis,
403 140 500 158 decretum
511 140 571 159 laudis
581 140 666 164 praefato
676 139 764 158 Instituto
773 143 793 158 et
802 143 855 158 tem-

176 176 280 195 poraneam
290 171 407 195 praedictam
414 171 573 195 approbationem
581 171 621 189 eius
628 170 794 189 constitutionibus
802 170 854 189 dare

176 201 265 223 decrevit,
281 208 360 226 sperans
374 202 436 226 ipsum
451 201 488 220 tale
503 202 640 220 incrementum
657 206 812 222 consecuturum,
830 205 855 220 ut

176 233 232 251 Sedis
246 233 370 258 Apostolieae
385 234 544 258 approbationem
559 240 594 252 suo
609 237 695 258 tempore
713 233 799 252 obtinere
817 239 854 251 va—

176 264 219 283 leat.
235 265 298 288 Quam
309 265 328 284 S.
339 264 502 290 Congregationis
511 265 624 283 sententiam
634 265 658 283 ab
669 264 789 289 infrascripw
797 264 854 282 eius-

177 295 221 314 dem
235 296 348 317 Secretario,
363 296 382 314 in
396 296 493 314 audientia
507 296 544 314 diei
554 302 566 318 9
579 296 624 314 Maii
639 301 687 319 ¹905
698 295 758 313 SSmo
768 295 813 314 Dno
824 295 853 315 N.

177 326 210 345 Pie
220 326 284 345 divina
294 327 413 351 providentia
423 327 457 345 P-P.
469 327 488 345 X
497 326 585 347 relatam.
596 326 664 345 eadem
676 326 771 345 Sanctitas
780 326 836 344 Sua
831 333 853 345 m

177 358 265 376 omnibus
279 362 339 377 ratam
354 358 424 377 habere
439 363 458 376 et
468 358 579 377 confirmare
589 358 669 382 dignata
678 362 713 379 est,
724 362 743 376 et
753 364 810 382 super
819 357 853 376 his

177 395 268 413 praesens
281 389 380 408 decretum
395 389 434 408 fieri
449 389 551 408 mandavit.

217 420 288 439 Datum
303 421 383 442 Romae,
398 427 422 439 ex
436 420 517 439 aedibus
530 420 549 439 S.
561 421 724 446 Congregationis
736 420 761 439 de
780 420 853 444 Propa·

177 451 243 476 ganda
257 452 309 473 Fide,
325 452 356 470 die
374 458 397 470 10
411 452 457 470 Maii
475 457 529 475 1905.

285 492 315 510 Fr.
330 492 354 510 Η,
370 492 396 511 Μ.
412 491 468 510 Card.
479 491 550 512 Gor'rl,
561 491 675 516 Praefectus.
694 499 696 501 ·

506 523 591 541 Aloisius
605 523 681 544 Veceia.
697 523 820 541 secretarius.

178 600 290 617 Institutum
302 600 396 617 Sororum
407 600 560 617 Franciscalium
569 600 738 618 Missionarlarum
746 600 810 618 laudis
819 600 853 617 de-

223 627 276 643 creto
288 627 433 645 cohonestatur.

219 671 365 690 Praeclarissimi
376 672 438 696 operis
446 672 576 690 conversionis
586 676 694 690 exterarum
703 672 788 696 gentium
798 672 853 691 adiu-

180 707 245 722 mento
259 703 283 721 ab
297 709 348 721 anno
361 704 409 727 1873
425 707 488 722 ortum
498 703 563 722 habuit
574 704 681 722 Instituturn
692 704 782 722 Sororum
792 704 853 722 Fran-

179 734 274 754 ciscalium
283 734 446 753 Missionariarum
453 735 478 761 ab
484 734 606 753 Immaculata
611 735 747 759 Conceptione,
753 739 773 753 et
778 741 853 759 paucos

179 770 224 791 post
237 772 301 784 annos
315 765 393 784 domum
408 765 512 790 principem
528 766 546 784 in
561 766 597 784 hac
611 766 662 784 alma
676 766 727 784 Urbe
745 766 851 784 constituit.

180 797 229 816 Cum
243 801 313 817 autem,
324 796 361 815 Dei
376 796 451 815 favente
466 797 532 821 gratia,
544 797 613 815 uberes
622 797 693 815 fructus
702 797 783 815 ediderit
792 801 852 821 atque

180 828 230 853 apud
245 828 307 846 varias
321 828 411 852 regiones
426 828 540 846 domicilium
551 828 618 849 fixerit,
629 834 718 852 suprema
732 828 853 847 Moderati-ix

180 860 204 878 ab
218 859 255 878 hoc
269 859 328 878 Sacro
343 859 427 878 Consilio
441 859 468 877 rei
483 859 595 878 christianae
611 859 720 878 dilatandae
735 859 851 884 praeposito,

180 891 262 909 Instituti
270 891 428 915 approbationem
438 890 554 915 efflagitavit,
570 891 599 909 Re
609 891 672 915 itaque
683 897 717 915 pro
726 897 778 909 more
788 890 853 909 delata

180 922 263 940 examini
278 921 425 940 Commissionis
439 927 473 945 pro
488 921 594 940 revisendis
608 921 678 946 regulis
693 928 786 940 novorum
799 921 852 940 Insti-

180 957 264 971 tutorum
272 959 283 970 a
290 953 348 971 Sacra
356 952 513 977 Congregatione
520 952 675 976 dependentium,
680 954 709 971 cui
718 957 794 977 praeest
801 952 852 971 Emi-

181 984 303 1002 nentissimus
308 983 341 1002 Vir
347 984 459 1002 Franciscus
464 983 570 1002 Cardinalis
576 984 646 1005 Satolli,
656 984 723 1002 eadem
730 984 850 1005 Commissio,

181 1015 258 1034 attentis
273 1015 384 1039 praesertim
399 1014 465 1033 litteris
479 1015 639 1033 commendatitiis
653 1015 804 1036 Ordinariorum,
819 1014 851 1039 qui

181 1046 205 1065 de
219 1046 297 1065 istarum
312 1046 452 1070 Religiosarurn
462 1046 552 1064 Sororum
562 1046 603 1065 zelo
615 1050 714 1067 testantur,
725 1047 789 1065 statuit
799 1051 852 1070 prae-

182 1081 307 1096 memoratum
326 1077 434 1096 Institutum
453 1077 514 1096 laudis
528 1077 606 1096 decreto
622 1084 665 1096 esse
682 1075 851 1097 cohonestandum.

221 1109 311 1127 Summus
325 1115 371 1128 vero
385 1109 472 1127 Pontifex
487 1109 531 1127 Pius
539 1109 604 1127 divina
614 1109 734 1134 providentia
743 1109 795 1133 Papa
804 1109 823 1127 X
832 1109 851 1127 in

181 1141 278 1159 audientia
292 1141 316 1159 ab
331 1140 449 1164 infrascripto
464 1140 482 1158 S.
499 1140 661 1165 Congregationis
671 1141 777 1159 Secretario
787 1140 851 1159 habita
