915 1302
173 58 177 68 1
183 58 201 71 ιη
431 71 434 72 ⁷
465 54 543 73 Appendix

170 108 216 126 ioris
230 108 289 132 partis
303 108 390 126 feriarum
404 108 449 127 anni
463 108 582 127 omitteretur
596 109 626 133 (3)
647 113 667 127 et
686 109 733 127 ordo
751 109 843 128 Breviarii

170 139 208 158 sere
222 139 363 158 subverteretur
378 140 415 163 (4).
429 139 471 158 Nos
491 139 534 158 huic
553 139 675 158 incommodo
693 146 792 159 occurrere
810 146 843 159 vo-

170 170 236 192 lentes,
251 174 271 189 et
285 171 439 195 praedecessoris
453 171 544 195 praedicti
559 175 642 190 mentem
656 177 704 190 sano
719 171 777 190 modo
787 172 843 190 inter-

170 205 267 226 pretantes
277 202 313 226 (5),
328 201 451 223 declaramus,
463 208 616 227 unamquamque
626 202 730 227 Hispaniae
742 203 842 222 ecelesiam

170 239 236 251 eorum
251 237 324 251 tantum
334 233 453 254 Sanctorum,
464 233 496 257 qui
506 233 528 256 in,
536 233 633 252 Breviario
643 240 680 252 non
690 238 734 252 sunt
745 234 841 259 descripti,

171 264 240 283 Officia
253 264 330 289 propria
344 264 439 283 celebrare
453 270 516 289 posse,
532 265 564 289 qui
578 264 607 283 vel
622 264 670 283 illius
686 265 780 283 dioecesis
798 270 843 284 sunt

164 294 265 314 'naturales
275 295 311 320 (6).
326 295 357 313 vel
366 295 407 314 eius
416 295 508 314 ecclesiae
518 301 551 314 seu
561 295 655 314 dioecesis
665 300 709 314 sunt
718 296 793 320 patroni
803 296 841 321 (7),

169 328 199 347 vel
214 334 294 352 quorum
309 334 389 352 corpora
404 334 437 346 seu
448 327 541 346 notabiles
550 327 641 352 reliquiae
650 328 670 346 in
679 334 702 346 ea
712 327 793 346 eeclesia
807 334 841 346 seu

169 359 252 378 dioecesi
267 359 388 383 requiescunt
402 359 438 383 (8).
454 359 484 377 De
498 358 540 377 aliis
553 364 600 377 vero
614 358 694 380 Sanctis,
711 359 786 377 etiamsi
804 359 842 377 sint

170 390 266 409 naturales
279 390 309 409 vel
327 390 402 414 patroni
421 389 497 408 alterius
511 390 609 411 dioecesis,
625 390 699 408 etiamsi
713 389 787 408 illorum
802 396 842 408 cor·

170 428 217 447 pora
230 421 260 440 vel
276 421 369 440 notabiles
383 421 473 445 reliquiae
487 421 506 439 in
520 421 583 445 aliqua
597 420 677 439 ecelesia
694 420 771 439 alterius
789 420 842 440 dioe-

169 453 219 472 cesis
233 453 357 477 requiescant,
373 458 410 471 non
425 452 530 471 celebretur
544 452 634 471 Officium
643 452 747 476 proprium,
759 452 793 471 sed
804 458 842 470 ser-

169 488 224 503 vetur
237 484 285 502 ordo
300 483 390 502 Breviarii
404 483 487 502 Romani
501 483 537 507 (9).
552 483 578 502 Et
591 489 630 507 quo
639 483 670 502 die
680 483 806 502 celebrabitur
816 483 842 501 fe-

170 515 243 534 stivitas
257 514 331 539 patroni
346 514 401 533 unius
415 514 513 536 dioecesis.
529 514 640 539 Religiones
654 521 721 533 omnes
739 518 841 533 teneantur

169 547 238 565 eodem
251 546 282 565 die
297 546 315 564 in
330 546 369 564 suis
383 545 469 564 ecclesiis
482 546 531 564 intra
545 545 615 564 limites
629 545 678 564 illius
696 546 791 564 dioecesis
808 552 841 564 ex-

169 578 284 599 sistentibus.
299 577 387 596 eamdem
401 577 522 596 festivitatem
537 576 639 598 celebrare,
654 581 673 595 et
682 577 701 595 in
711 577 747 596 hoc
757 583 801 596 cum
811 584 841 596 ec-

169 609 227 628 clesia
241 609 319 627 matrice
333 614 354 627 se
368 608 486 627 conforment
501 608 550 633 (ιο).

209 640 257 659 Item
270 639 363 661 volumus,
378 639 429 664 quod
443 639 555 658 festivitates
569 643 671 664 sequentes
680 639 746 658 sintin
756 643 797 658 tota
808 640 841 658 Hi-

170 672 237 696 spania
250 670 360 696 generales:
376 671 402 689 ita
415 671 467 695 quod
482 677 548 689 omnes
558 670 649 689 ecelesiae
658 674 678 689 et
687 670 799 695 Religiones
808 677 841 689 ex-

169 703 258 721 sistentes
272 702 291 721 in
305 702 336 721 illa
350 702 447 727 provincia
461 702 541 720 recitent
549 701 574 720 de
583 701 619 720 illis
628 706 648 720 et
656 701 753 720 celebrent
764 702 841 726 propria

169 734 243 753 illorum
258 734 327 752 Officia
337 734 356 758 (ι
363 734 387 757 1),
402 739 452 758 quae
461 737 513 752 sunt:
529 733 631 752 Festivitas
640 733 794 757 Exspectationis
802 733 840 752 Do-

169 765 231 783 minae
253 769 341 786 nostrae,
363 770 412 789 quae
431 764 537 782 celebratur
555 764 586 782 die
603 770 651 783 xvm
669 764 739 782 mensis
757 764 840 782 Decem-

169 796 208 814 bris
222 796 272 820 (12).
287 796 312 814 Et
325 796 416 820 quoniam
430 795 480 814 diem
494 795 525 814 die
539 795 591 814 iuxta
606 795 722 813 Breviarium
731 795 840 814 Romanum

169 827 215 846 seria
229 827 286 845 habet
300 826 414 851 antiphonas
428 826 515 851 proprias
534 826 557 845 ad
576 825 661 847 Laudes,
681 832 705 844 ne
723 826 840 850 antiphonae

169 858 278 882 praedictae
293 858 408 879 omittantur.
423 862 443 876 et
452 862 473 876 ut
487 857 565 876 festivae
575 857 655 882 singulis
664 857 719 876 annis
728 857 747 875 in
756 857 788 876 illa
797 864 840 882 pro-

169 889 231 907 vincia
244 889 377 908 decantentur:
394 889 506 907 mandamus
519 893 540 907 ut
553 889 615 907 dicme
629 889 744 913 antiphonae
766 889 840 908 feriales

169 926 218 944 quae
232 920 251 938 in
266 920 297 939 die
311 920 329 938 in
344 926 381 944 qua
396 920 485 938 Officium
500 920 653 944 Exspectationis
661 919 768 939 celebratur
777 920 840 939 dicen>

169 951 205 969 dae
219 955 288 972 essent,
303 955 420 976 reponantur
433 951 464 969 die
478 957 518 969 xvn
532 951 645 969 Decembris
661 952 711 975 (13),
727 951 798 970 omissa
810 958 838 973 ea,

169 988 218 1006 quae
232 982 256 1000 ad
271 982 371 1001 Canticum
386 982 459 1003 dicitur,
477 982 530 1001 euius
549 981 592 1001 loeo
610 982 683 1001 dicatur
700 988 728 1004 ea,
747 989 795 1007 quae
814 984 839 1002 ad

169 1013 270 1032 Canticum
283 1014 360 1038 ponitur
373 1014 392 1032 in
407 1013 506 1035 Psalterio;
517 1018 537 1032 et
550 1013 600 1032 idem
614 1014 647 1032 fiat
661 1013 685 1032 de
698 1014 807 1038 antiphonis
820 1015 839 1033 in

169 1044 200 1063 die
218 1045 277 1063 sancti
297 1045 383 1063 Thomae
402 1045 554 1066 occurrentibus.
574 1045 689 1069 reponendis
707 1037 725 1063 it'i
743 1045 838 1067 Sabbato,

168 1075 245 1100 quando
259 1076 338 1094 Festum
348 1076 502 1100 Exspectationis
512 1076 620 1095 huiusmodi
630 1076 648 1094 in
660 1076 745 1095 Sabbata
756 1077 837 1098 venerit;

169 1111 189 1126 ut
204 1107 275 1126 scilicet
288 1107 405 1131 antiphonae
419 1108 437 1126 in
447 1107 479 1126 die
488 1107 548 1126 sancti
558 1107 644 1126 Thomae
655 1111 781 1128 occurrentes,
793 1112 839 1126 tune
