915 1302
344 70 435 84 Risinium.
707 70 714 84 3
717 70 724 84 5

50 119 161 144 adimplens
182 120 213 142 die
231 122 253 138 16
268 120 313 139 Maii
336 121 385 143 1906
403 120 467 139 retulit
484 120 590 145 praefatum
608 120 696 139 clericum
714 127 725 139 a

38 159 40 161 ¹
51 157 119 170 mense
134 152 222 170 Ianuario
229 158 260 171 an.
271 157 319 175 1905
331 158 390 176 usque
398 152 422 170 ad
430 152 480 170 hunc
487 152 538 170 diem
547 158 650 177 numquam
657 153 725 171 morbo

50 182 110 201 fuisse
125 186 239 207 correptum,
254 183 307 202 iuxta
320 187 387 201 votum
406 186 425 201 et
440 183 552 202 relationem
570 183 650 202 duorum
668 183 725 202 medi-

50 220 125 235 corum,
140 215 172 238 qui
186 218 286 239 praeterea
300 214 357 233 fidem
372 214 442 233 faciunt
458 214 546 233 eumdem
565 214 637 233 versari
655 215 674 233 in
693 214 725 233 flo-

51 245 101 264 renti
117 246 204 264 sanitatis
213 249 264 264 statu
273 250 293 264 et
304 245 384 264 liberum
398 252 441 264 esse
455 251 467 264 a
481 245 552 264 morbis
567 245 665 264 inseetivis.
681 245 725 270 Epi-

51 282 125 301 scopus
138 277 270 301 ingeminabat
283 283 351 301 preces
365 283 399 301 pro
413 276 519 295 obtinendo
533 276 630 295 favorabili
645 276 723 295 indulto,

93 308 316 328 Animadversiones
323 313 354 328 ex
362 308 444 328 officio.
454 308 524 336 Μαι-1130
534 308 606 326 caduco
615 308 725 326 laborantes

52 339 159 357 ministerio
173 334 294 358 altaris'esse
308 339 402 358 arcendos
416 339 487 358 diserte
506 339 586 358 traditur
604 339 623 357 in
641 339 725 357 Decreto

51 369 141 388 Gratiani
156 371 202 394 (cap.
213 370 309 392 Maritum,
320 370 364 390 dist.
376 376 416 395 55:
425 374 444 389 et
453 376 493 389 can.
504 376 521 391 1,
530 376 579 389 caus.
591 375 609 395 7,
619 373 688 395 quaest.
697 372 724 395 7),

51 401 84 419 ubi
99 401 179 425 legitur:
197 408 207 419 «
217 401 339 420 Consulimus
354 402 411 427 igitur
425 406 446 420 ut
460 402 476 420 si
490 402 598 426 frequenter
612 401 647 420 hoc
658 402 725 420 morbo

52 433 136 456 (caduco)
151 433 237 458 tangitur
250 434 356 458 presbyter.
371 434 396 452 ab
411 433 507 452 oblatione
521 433 630 452 omnimode
644 437 664 451 et
678 433 726 452 Μίε-

51 470 117 483 sarum
132 464 259 483 celebratione
274 465 402 489 prohibeatur.
417 465 510 483 lndeeens
524 465 575 483 enim
593 469 623 483 est
640 468 660 483 et
678 464 725 489 peri-

51 495 193 514 culosissimum
211 500 232 514 ut
250 496 286 514 hoc
300 496 317 514 ei
335 496 417 517 accidat,
433 500 527 520 quatenus
545 495 563 514 in
582 496 725 514 consecratione

52 526 185 545 Eucharistiae
200 527 267 545 morbo
277 527 338 545 victus
347 527 449 551 epileptico
459 527 551 546 cadat...)
565 526 603 545 Csr.
614 527 671 545 etiam
682 526 725 545 Fer-

52 558 100 576 raris
110 557 171 581 (Bibl,
181 564 229 578 can..
239 564 256 576 v.
268 558 407 582 lrregularitas)
415 562 434 576 et
444 557 566 576 Reiffenstuel
577 557 618 582 (lib.
629 563 645 578 1.
653 558 683 576 tit.
693 562 725 578 20,

52 595 70 608 a⁴
82 590 122 614 19).
138 589 182 613 Age
196 595 247 610 vero,
264 589 278 608 si
294 590 312 608 in
322 596 366 608 casu
377 590 496 614 expendatur
505 589 572 608 relatio
583 589 661 610 medica,
672 595 726 613 prae-

52 621 143 639 termisso
153 621 205 645 quod
220 627 258 639 non
272 625 302 639 est
316 621 382 642 iumta,
398 621 484 645 profecto
498 627 521 639 ex
536 627 559 639 ea
573 620 623 639 clare
641 626 687 638 non.
698 626 726 638 re-

53 652 112 670 sultat
126 652 144 670 in
159 652 242 670 futurum
257 656 350 671 remotum
364 656 384 671 et
397 653 477 671 vitatum
496 658 539 671 esse
557 651 660 676 periculum
678 650 726 669 rela-

52 690 99 708 psus
114 684 133 701 in
149 683 241 702 morbum.

93 715 119 733 Et
133 721 164 733 res
174 715 235 739 magis
245 715 361 739 ingravescit
371 715 386 733 si
396 716 511 736 advertatur,
522 715 574 739 quod
583 721 607 733 ea
620 718 649 733 est
659 718 725 733 natura

53 746 115 764 morbi
130 749 151 764 ut
165 746 299 764 convulsiones
313 750 332 764 et
342 752 431 765 accessus
440 745 535 770 epileptici
546 752 584 764 non
594 745 726 764 determinatis

53 775 143 801 periodis,
159 777 193 795 sed
207 777 264 796 etiam
279 781 323 801 post
333 783 374 798 non,
382 777 491 796 indifferens
500 777 591 801 temporis
601 777 683 801 spatium
693 776 725 794 ite·

53 809 90 827 rari
105 809 188 833 possint3
204 809 236 833 qui
250 815 343 830 accessus,
360 815 402 827 cum
420 815 445 827 ex
459 808 569 827 testimonio
588 808 666 827 rectoris
687 808 725 826 sint

52 840 168 865 gravissimi,
184 840 287 858 maximum
301 840 393 858 inducunt
405 840 509 864 periculum
520 840 654 858 irreverentiae
668 839 686 857 in
697 845 725 857 sa<

53 878 129 890 crorum
145 871 287 890 ministratione.
305 871 370 895 Quare
389 871 500 896 prudentius
517 875 536 889 et
553 871 612 889 tutius
630 870 725 888 videretur

53 903 169 922 rescribere:
184 902 223 920 Pro
237 909 287 920 nunc
300 909 337 921 non
350 902 443 926 expedire,
459 903 484 921 uti
499 902 568 920 factum
583 902 617 920 fuit
626 901 645 920 in
660 901 679 919 T
677 901 725 919 revi-

53 940 92 952 ren.
108 933 146 952 diei
162 939 186 956 27
202 933 240 951 Ian.
259 934 314 954 1866,
329 937 349 952 et
363 934 382 952 in
396 933 509 957 Lugdunen,
523 934 546 951 26
557 933 609 957 Aug.
628 938 675 955 ¹905
687 932 724 956 (1),

54 969 86 983 aut
100 964 158 983 etiam
172 970 278 989 exposcere
292 965 443 989 experimentum
458 964 535 982 alterius
554 964 631 985 medici.
650 963 725 982 interim

53 996 160 1015 differendo
170 996 313 1014 concessionem
323 996 403 1020 gratiae.
412 996 439 1014 uti
450 1002 562 1020 responsum
572 996 605 1014 fuit
613 995 631 1013 in
641 995 725 1013 secunda

53 1033 153 1047 causarum
168 1027 299 1052 propositione
309 1027 378 1046 citatae
393 1027 511 1045 Trem'rensis
520 1031 540 1045 et
555 1027 675 1045 Venetiarum
687 1026 725 1045 diei

57 1065 78 1077 12
87 1059 140 1083 Sept
155 1059 215 1081 1896:
230 1058 299 1077 Dilata
306 1058 333 1076 ad
338 1065 372 1076 sax
379 1064 453 1078 menses,
463 1058 546 1076 exhibito
555 1059 612 1076 etiam
621 1057 725 1075 dacummtn

54 1090 135 1109 alterius
149 1090 217 1108 medici
230 1090 252 1108 ab
267 1090 357 1114 Episcopo
370 1090 478 1113 deputandi.

95 1165 117 1182 (ι)
128 1165 157 1179 αι.
165 1165 200 1180 Am
208 1165 223 1179 s.
230 1165 276 1181 Sedis,
287 1165 316 1179 voi.
328 1165 351 1181 ss,
362 1169 394 1183 μμ
407 1164 440 1183 339.
