915 1302
288 67 370 87 Mutarim.
381 70 395 82 ez
407 68 474 82 amaris
487 68 536 82 mm
728 68 746 86 7⁵

75 120 161 139 Normas
174 120 216 149 diei
228 121 252 139 28
267 121 315 139 Iunii
332 127 379 144 ¹90¹
397 125 431 140 art.
449 127 486 144 ¹40
500 125 581 140 extensa
594 121 629 139 suit
638 121 662 139 ad
672 127 747 140 sorores

75 155 165 170 votorum
179 151 299 176 simplicium.
314 152 406 171 Attamen
421 152 476 171 unius
490 152 600 171 confessarii
614 152 705 171 ordinarii
717 152 748 171 lex

75 182 153 201 minime
168 183 245 207 respicit
260 182 367 202 saeculares
381 189 473 207 personas
482 189 515 202 seu
525 183 635 204 educandas,
645 189 694 207 quae
704 189 747 201 cum

75 213 191 233 monialibus
204 214 234 233 vel
248 214 346 233 sororibus
359 214 437 235 vivunt:
455 214 500 239 quin
519 214 557 233 imo
577 215 629 233 iuxta
648 214 746 233 decretum

75 245 131 263 huius
146 243 165 264 S'.
181 245 202 264 C.
217 245 256 263 diei
271 250 295 268 27
310 245 362 270 Aug.
381 246 429 269 1852
450 245 551 266 moniales,
566 245 633 270 quavis
647 251 671 264 ex
690 251 748 264 causa

75 280 129 295 extra
144 276 279 295 monasterium
294 276 393 301 degentes,
409 280 428 295 et
442 283 527 298 sorores.
543 276 567 295 ad
586 276 681 295 tramitem
696 276 747 295 Nor-

75 314 152 325 marum
166 312 201 326 art.
219 313 265 330 149,
282 307 358 332 quoties
375 308 394 326 in
412 307 487 332 publica
505 307 588 327 ecclesia
607 308 748 326 consessionem

75 345 130 357 suam
148 343 252 364 peragunt,
272 339 322 363 apud
342 338 446 363 quemlibet
464 339 599 357 confessarium
617 345 652 364 pro
667 343 747 363 utroque

75 376 122 388 sexu
137 370 264 394 approbatum
279 370 364 388 confiteri
379 374 466 394 possunt.

116 401 196 425 Insuper
210 401 262 426 rigor
276 401 325 420 unici
339 401 450 420 confessarii
465 401 555 420 ordinarii
568 407 602 426 per
615 401 684 419 trinam
695 407 748 426 prae-

76 432 199 457 scriptionem
214 432 325 451 moderatus
339 433 378 451 suit.
394 433 446 451 Prior
460 433 548 451 videlieet
562 432 649 451 consistit
662 433 681 451 in
691 432 747 451 trien-

77 464 115 483 nali
130 464 215 483 eiusdem
230 464 339 483 confessarii
355 464 470 485 mutatione,
490 470 528 482 non
546 464 635 482 obstante
652 463 748 482 contraria

75 495 219 516 consuetudine,
235 495 290 514 sicuti
309 495 394 513 decrevit
412 495 442 514 hic
459 495 477 513 S.
495 495 520 514 Ο,
537 495 568 513 die
582 501 594 518 4
609 494 672 513 Martii
691 500 746 518 159¹·

79 532 100 550 15
117 526 175 545 Febr.
193 532 248 550 1593,
265 527 289 544 26
300 526 348 545 Nov.
365 527 423 547 1602,
441 532 465 545 10
475 526 538 545 Martii
555 527 616 550 1634.
635 532 701 544 mense
720 526 747 544 Ia·

76 558 137 577 nuarii
155 558 210 580 1847,
225 561 245 576 et
258 558 278 576 in
293 558 374 576 Normis
383 562 417 576 art.
431 563 474 580 142.
490 557 545 581 Quae
558 557 637 576 mutatio
647 558 665 575 in
676 563 748 582 genere

77 588 141 607 locum
155 588 213 607 habet
226 588 277 613 apud
292 588 384 607 moniales
398 593 417 607 et
431 594 513 609 sororeS,
529 594 603 607 necnon
618 588 669 613 apud
684 587 747 606 mulie

77 626 107 638 res
122 624 142 638 et
156 619 229 644 puellas
243 619 261 637 in
276 619 412 638 communitate
426 619 512 637 viventes
526 625 576 643 quae
590 619 665 637 unicum
675 616 751 637 confes-¹

77 651 148 669 sarium
163 650 280 669 ordinarium
293 650 381 671 retinent,
397 657 434 669 non
445 654 509 669 autem
522 650 586 674 quoad
596 656 628 669 eas
638 656 692 674 quae,
704 649 748 669 licet

76 683 136 700 vitam
151 688 272 700 communem
286 682 363 703 ducant,
378 688 497 706 quacumque
511 686 575 700 tamen
589 682 613 700 de
623 687 681 700 causa
690 681 709 700 in
719 687 749 700 ec-

77 713 140 732 clesiis
154 713 234 737 publicis
249 712 363 731 confitentur
377 718 400 731 ae
411 712 491 737 proinde
501 718 559 731 unum
569 712 705 731 confessarium
719 719 748 731 or·

77 744 173 763 dinarium
188 750 225 762 non
240 744 328 763 retinent.
344 743 410 762 Altera
424 743 548 768 praescriptio
563 744 658 762 invenitur
671 744 690 762 in
705 750 748 762 con-

78 775 178 794 stitutione
194 774 304 794 confessarii
322 774 468 793 extraordinarii
487 781 499 793 a
517 774 576 794 Cone.
594 774 647 793 Trid.
664 774 746 796 decreta,

78 811 136 831 atque
154 806 265 825 confirmata
284 812 295 824 a
312 805 417 824 Benedicto
432 805 477 824 XIV
496 810 516 824 et
535 809 610 824 servata
632 804 655 824 in*
668 806 749 824 Nomis

78 842 112 856 art.
126 843 169 861 143.
185 837 216 856 ubi
231 837 311 855 edicitur
325 836 377 861 quod
391 837 489 855 sororibus
503 837 629 855 confessarius
647 844 656 854 ‹
665 841 749 856 extraor-

78 868 163 887 dinarius
178 868 212 889 bis,
227 872 256 886 ter
270 872 303 886 aut
316 867 393 892 saepius
403 868 421 886 in
431 874 482 886 anno
492 867 581 887 offeratur
589 875 608 886 ν.
627 868 685 892 Quod
695 874 749 893 pra&

78 904 161 924 ceptum,
176 899 229 917 iuxta
239 898 311 917 Bullam
324 899 467 917 Benedictinam
477 903 497 917 et
506 899 589 918 edictum
599 899 704 918 Clementis
715 900 748 922 XI,

78 931 132 956 viget
145 931 202 949 etiam
217 936 252 955 pro
267 929 376 949 mulieribus
390 934 410 948 et
423 929 491 954 puellis
505 930 523 948 in
533 930 669 949 communitate
678 931 750 956 degen—

78 962 130 981 tibus
143 968 166 980 ae
179 961 256 980 unicum
270 961 405 980 confessarium
415 961 531 979 ordinarium
541 961 661 983 habentibus.
673 962 750 980 minime

78 999 125 1012 vero
139 992 246 1018 applicatur
260 992 373 1011 monialibus
391 992 421 1010 vel
440 992 537 1010 sororibus
556 998 599 1011 sese
615 992 750 1011 confitentibus

78 1025 97 1043 in
111 1023 189 1048 publiea
202 1023 287 1042 ecelesia.
308 1023 374 1042 Tertia
388 1023 467 1042 tandem
483 1023 585 1048 derogatio
603 1028 633 1042 est
650 1024 749 1043 concessio

78 1055 179 1080 peculiaris
194 1054 304 1073 confessarii
318 1054 464 1073 extraordinarii
478 1054 528 1072 saeta
542 1054 622 1079 singulis
636 1054 750 1074 monialibus

79 1086 109 1105 vel
123 1086 220 1104 sororibus
234 1085 259 1104 ad
273 1085 342 1104 iustam
357 1086 441 1110 ipsarum
455 1085 577 1110 pedfionem
596 1086 645 1105 sicut
659 1090 750 1105 statutum

80 1117 114 1136 fuit
128 1118 146 1136 in
161 1117 218 1136 citata
238 1117 291 1136 Bulla
309 1117 441 1138 Benedictina,
460 1117 478 1135 in
497 1116 575 1136 decreto
592 1117 751 1140 Quemadmodum

83 1154 105 1172 ¹7
116 1148 164 1167 Dec.
179 1149 228 1171 1890
241 1153 261 1167 et
275 1149 294 1166 in
309 1148 390 1166 Noms‘s
404 1152 438 1166 art.
456 1154 553 1171 144-147.
