915 1302
172 43 190 61 7⁸
341 43 367 57 Er
377 43 392 57 s.
402 43 417 57 c.
429 43 535 62 Episcoporum
545 45 560 57 ee
570 43 669 62 &egam-um

171 104 208 122 que
222 97 348 116 confessarius
362 97 437 116 diversa
452 97 542 116 methodo
552 103 587 122 pro
597 103 632 116 sua
641 97 704 116 indole
714 97 787 116 animas
796 97 841 116 diri-

171 132 210 154 gat,
225 128 271 147 dum
285 135 296 147 e
310 133 377 147 contra
390 128 459 147 eadem
473 129 553 147 directio
567 128 645 147 omnino
660 128 767 147 necessaria
776 132 806 147 est
816 128 841 147 ad

171 160 245 178 animas
259 160 277 178 in
288 160 410 184 perfectionis
420 160 498 179 semitas
508 160 624 185 dirigendas.
639 159 680 178 Imo
690 159 779 178 diuturno
791 166 841 178 com·

172 191 243 209 mercio
258 191 319 216 magis
333 191 439 209 animarum
457 191 584 209 communitas
603 191 696 212 firmatur,
711 197 733 209 ac
750 190 842 209 moniales

172 222 246 247 plenius
259 222 375 241 confessario
389 222 487 241 confidunt
501 228 523 241 ac
537 222 621 241 animam
635 222 735 241 candidius
747 222 841 246 aperiunt;

172 259 226 272 secus
240 259 286 272 vero
301 253 392 272 moniales
411 253 522 278 plerumque
541 253 637 278 refugiunt
655 254 679 272 ab
698 259 756 272 onere
772 259 842 271 arcana

172 284 235 303 cordis
249 284 352 309 detegendi
367 291 416 303 novo
430 284 550 305 confessario,
565 291 587 303 ac
601 284 681 309 proinde
696 290 707 303 a
720 285 751 303 via
766 284 843 303 maioris

172 316 293 340 perfectionis
307 315 427 334 retrahuntur
440 316 470 334 vel
485 316 567 340 priorem
582 316 716 334 confessarium
726 315 842 334 ordinarium

173 347 200 365 uti
214 346 347 372 particularem
361 351 434 371 petunt.
450 347 499 365 Hinc
514 346 539 365 nil
550 347 623 368 mirum,
638 347 665 365 ait
679 347 729 371 ipse.
745 347 761 365 si
775 352 800 365 ex
814 346 843 365 di-

172 384 228 397 versa
242 378 347 397 directione
357 378 441 397 oriantur
450 378 571 397 difficultates
581 384 603 397 ac
613 378 755 397 controversiae
763 378 782 396 in
793 384 844 396 com-

173 409 302 431 munitatibus,
317 410 355 431 ubi,
371 414 447 434 praeter
461 409 582 431 ordinarium,
598 409 661 434 plures
674 409 790 434 deputantur
799 415 844 427 con*

173 441 245 459 {essarii
259 441 390 465 particularem
406 441 457 465 quod
472 447 510 459 non
525 440 631 459 verificatur
645 440 664 459 in
678 440 730 462 locis,
742 440 843 459 scilieetin

174 472 282 493 Germania,
298 472 365 493 Gallia.
381 472 465 493 Austria,
481 472 553 497 Belgio,
569 471 677 493 Hollandia,
688 471 765 496 Anglia.
775 471 794 490 in
805 471 844 496 qui-

173 503 210 522 bus
223 503 351 522 confessarius
364 503 470 522 ordinarius
485 509 523 522 non
532 503 621 521 observat
631 503 742 524 triennium:
758 503 783 521 ibi
792 503 844 521 enirn

174 534 230 558 pauci
244 534 347 553 admodum
361 538 381 552 et
395 540 430 558 pro
444 540 489 552 casu
504 534 581 559 speciali
599 534 714 558 deputantur
733 533 843 552 confessarii

174 565 296 590 particulares
310 569 364 584 extra
383 566 474 584 ordinem.
494 565 597 583 Caeterum
613 565 694 590 egregio
712 565 753 583 viro
769 564 845 583 videtur

174 597 230 615 nimis
244 597 316 618 odiosa.
331 601 406 621 praeter
425 596 518 615 indultum
533 596 671 620 Apostolicum,
689 596 793 620 praestatio
809 596 845 614 sus-

174 628 277 653 sragiorum
292 634 316 646 ex
330 632 384 652 parte
399 627 508 646 monialium
524 631 543 646 ut
557 627 683 646 confessarius
702 627 808 646 ordinarius
826 627 844 646 in

174 666 209 678 suo
224 666 301 678 munere
316 665 437 684 perseverare
452 663 522 683 posset.

214 691 319 709 Transiens
337 690 407 709 deinde
425 690 528 709 Consultor
546 689 570 708 ad
588 696 645 714 supra
661 689 721 708 relata
737 689 795 708 dubia
809 689 846 708 sol-

174 722 243 743 venda,
254 721 280 740 sic
295 721 449 746 respondendum
464 725 539 739 censet:

215 752 247 771 Ad
262 753 275 771 Ι.
291 752 410 771 Affirmative
425 752 488 777 quoad
503 752 631 771 confessarios
644 751 745 776 generales
762 756 846 770 extraor-

175 784 268 805 dinarios;
284 783 373 808 negative
387 783 450 808 quoad
465 783 594 808 particulares.

216 816 248 834 Ad
263 816 284 834 11.
300 815 351 834 Nihil
365 816 434 834 obstat*

217 847 248 866 Ad
263 847 293 865 111.
310 847 408 865 Provisum
422 846 441 865 in
457 846 523 871 primo.

217 878 248 897 Ad
263 878 296 898 1V.
311 878 409 897 Provisum
425 878 443 896 in
458 877 519 897 tertio.

216 910 248 928 Ad
257 909 279 927 V.
288 910 328 928 Lex
336 909 410 928 triennii
418 913 491 928 tantum
499 909 635 928 confessarium
643 909 759 927 ordinarium
766 908 846 933 obligat.

217 941 248 959 Ad
263 941 295 959 VI.
310 938 408 959 Provisum
424 941 442 959 in
457 941 529 965 quinto.

217 972 249 991 Ad
264 972 304 990 V11.
320 972 419 990 Provisum
433 972 451 990 in
467 972 527 990 tertio.

217 1003 305 1022 Tandem
315 1003 356 1027 ipse
363 1003 411 1021 haec
421 1003 523 1027 praecipua
532 1002 672 1021 reformationis
684 1002 746 1027 capita
761 1002 845 1021 subiicit:

180 1035 207 1059 1⁰)
222 1035 238 1053 si
253 1040 331 1053 numero
346 1034 372 1053 ita
389 1038 440 1052 esset
461 1038 517 1053 aucta
537 1034 664 1052 communitas
682 1038 703 1052 ut
721 1033 847 1052 confessarius

177 1066 284 1084 ordinarius
297 1066 330 1084 vix
344 1071 398 1084 suum
414 1071 482 1083 munus
496 1064 547 1084 solus
561 1064 666 1090 adimplere
682 1068 756 1089 posset.
775 1064 847 1083 licitum

178 1097 202 1116 sit
220 1097 317 1122 Episcopo
336 1103 371 1121 pro
389 1103 424 1115 suo
443 1097 521 1115 arbitrio
538 1103 587 1115 unus
600 1096 630 1115 vel
645 1096 709 1121 plures
722 1096 848 1114 confessarios

178 1128 273 1147 ordinario
288 1127 398 1152 adiungere,
414 1127 438 1146 ad
452 1128 493 1146 eius
503 1131 569 1146 nutum
580 1126 699 1148 amovibiles;
716 1127 744 1151 2⁰)
754 1127 848 1146 confessa-
