915 1302
363 32 446 47 Mannum
720 33 740 51 87

68 87 187 106 Albanensis
208 91 295 106 teneatur
313 87 337 106 ad
356 87 497 107 inserviendum
516 94 551 112 pro
567 87 650 106 diacono
664 91 683 106 et
697 87 741 106 sub-

67 119 150 137 diacono
164 119 232 137 diebus
245 118 392 138 solemnioribus
410 119 429 138 in
443 125 488 138 casu
498 126 507 137 ›
517 133 521 141 ,
536 119 568 138 die
588 125 613 143 30
631 118 672 138 Iulii
689 120 736 143 1831

67 150 182 174 rescriptum
191 150 230 168 fuit:
249 157 259 168 ‹
265 150 383 171 affirmative,
392 150 427 169 nisi
437 154 481 169 actu
488 150 618 169 confessiones
629 150 713 174 excipiat
719 157 728 168 ν
734 164 738 168 .

107 181 139 200 Ex
152 181 251 206 hucusque
265 181 352 200 deductis
366 181 462 200 videretur
482 188 540 206 posse
560 181 625 206 colligi
644 181 695 206 quod
709 187 740 200 ea-

66 212 149 232 nonicus
162 213 324 238 poenitentiarius,
339 217 421 238 excepto
435 219 480 232 casu
494 219 533 238 quo
546 212 677 232 consessiones
695 212 740 231 fide-

66 244 113 263 lium
128 244 153 263 de
167 244 216 263 facw
230 244 317 269 recipiat,
332 248 420 263 teneatur
434 244 458 263 ad
472 244 590 269 fungendum
608 250 686 263 munere
700 244 739 262 dia-

65 276 111 295 eoni
125 275 156 294 vel
170 275 282 295 subdiaconi
296 276 314 294 in
330 275 392 294 missis
408 275 494 297 cantatis,
510 275 525 294 si
540 276 587 300 ipse
598 276 648 294 inter
664 275 740 294 eanoni-

65 313 100 326 cos
114 306 187 326 ordinis
200 306 304 325 diaconalis
318 306 348 325 vel
363 306 504 325 subdiaconalis
518 306 663 328 adnumeretur.
678 306 709 325 vel
723 306 739 325 si

65 339 85 357 in
108 338 193 363 capitulo
213 338 306 356 habeatur
325 342 400 356 mutum
418 337 467 356 ordo
487 337 628 362 presbyteralis,
643 337 668 356 ad
682 338 740 356 inser-

65 369 158 388 viendum
171 369 191 388 in
212 369 245 388 tali
260 369 322 388 officio
340 373 414 388 tantum
431 370 450 387 in
470 369 622 388 solemnitatibus
637 369 682 388 anni
701 375 740 387 rna-

65 401 144 419 ioribus.
164 400 264 425 Proposita
276 406 323 419 vero
337 400 356 419 in
371 400 464 425 principio
481 400 571 419 resolutio
588 400 607 419 S.
623 400 645 419 C.
660 400 739 419 Rituum

65 432 84 450 in
100 438 159 450 causa
179 431 275 450 Velieema
288 438 327 450 non
341 431 416 450 videtur
432 438 489 456 posse
503 432 590 450 obstare:
608 432 627 456 ι)
644 432 700 457 quia.
718 435 739 450 ut

64 467 148 488 apparet
161 469 186 482 ex
199 462 259 481 literis
273 462 397 481 informativis
411 463 497 481 hodierni
512 463 582 482 Viearii
596 463 698 488 generalis,
709 469 739 481 ca.-

65 494 149 513 nonicus
162 494 324 518 poenitentiarius,
335 494 380 513 licet
394 494 460 513 ultimo
474 494 516 513 loco
526 494 619 519 provisus,
630 494 649 513 in
659 494 749 513 ecclesia'

65 525 171 545 cathedrali
182 524 280 544 Veliterna
293 525 431 544 accensebatur
440 526 490 544 inter
498 526 602 545 canonicos
613 525 685 544 ordinis
698 527 740 550 pre
755 539 757 541 >

65 556 177 581 sbytemlis;
191 561 214 575 et·
225 556 268 575 hine
285 556 311 575 nil
326 556 394 575 mirum
407 556 460 581 quod
474 557 515 581 ipse
524 556 569 575 licet
578 556 683 575 ultimusin
698 562 740 581 pro-

65 588 152 609 visione,
167 588 210 613 cogi
225 594 264 606 non
275 592 349 612 ‘posset
362 587 387 606 ad
403 588 544 606 inserviendum
562 594 597 612 pro
613 588 694 606 diacono
709 587 739 606 vel

64 619 186 638 subdiacono
200 619 218 638 in
232 619 295 638 missis
304 619 395 641 cantatis3
412 619 432 644 2)
446 619 497 644 quia,
507 619 584 638 secluso
593 619 630 637 hoc
639 622 738 643 responso,

65 651 103 669 dici
124 654 190 675 posset
206 650 277 669 dictum
295 650 393 669 decretum
411 651 468 669 fuisse
486 650 605 669 moderatum
622 657 634 669 a
648 650 739 675 posterio-

65 682 120 701 ribus
139 682 195 700 huius
211 681 230 700 S.
248 682 271 700 C.
286 682 372 701 decretis.
392 689 394 691 “

107 713 134 731 Et
147 719 214 737 reapse
229 713 277 732 hanc
291 713 442 732 moderationem
455 713 543 732 evenisse
560 713 643 732 innuitur
656 719 668 731 a
682 712 702 732 S.
715 712 737 731 C.

66 744 146 763 Rituum
153 744 172 763 in
182 744 243 763 lacon.
254 744 292 763 diei
302 750 324 768 ¹3
335 744 382 769 Apr.
396 745 451 768 1867.
462 751 479 763 n.
489 750 546 768 3¹54·
555 744 665 763 eanonicus
674 744 739 769 poeni-

66 775 167 794 tentiarius
173 775 198 793 de
205 775 315 800 praebenda
323 775 397 794 noviter
404 779 468 794 erecta
476 776 495 794 in
502 774 606 794 cathedrali
616 775 689 794 Iacensi
697 781 739 799 pro·

65 807 119 830 visus
132 810 153 825 et
166 806 234 825 solitus
248 806 338 825 inservire
353 807 371 825 in
387 806 449 825 officio
463 806 538 825 diaconi
552 806 582 825 vel
596 806 708 825 subdiaconi
720 806 739 824 in

65 838 145 857 servitio
158 837 233 859 alaris.
249 837 316 857 anxius
332 838 377 863 quia
391 838 416 857 ob
430 838 467 857 hoc
483 838 581 857 servitium
597 837 661 863 plures
675 838 740 864 poeni-

65 873 129 888 tent&
139 869 257 888 inconfessos
265 869 384 894 relinquebat
390 869 438 888 haec
448 869 506 888 dubia
520 869 629 894 proposuit:
649 876 658 887 ι
670 871 693 887 1⁹.
709 875 740 887 ca-

67 900 147 919 nonicus
161 900 318 925 poenitentiarius
332 901 376 925 cogi
391 907 415 919 ne
429 904 493 925 potest
507 901 531 919 ad
546 900 687 919 inserviendum
703 906 738 925 pro

65 931 149 950 diacono
158 931 188 950 vel
198 931 316 950 subdiacono
326 931 345 949 in
355 931 496 950 Pontificalibus
505 935 525 950 et
535 931 738 952 serni-Pontificalibus,

66 968 186 988 quacumque
197 962 336 981 consuetudine
350 963 369 981 in
383 963 499 981 eontrarium
512 969 550 981 non
564 963 658 982 obstante.
673 973 700 977 -
714 962 740 981 Et

66 999 161 1019 quatenus
175 994 274 1019 negative:
292 996 316 1012 2⁰.
332 1000 356 1012 an
371 994 389 1012 in
404 993 508 1012 cathedrali
523 993 601 1015 Iacensi,
616 994 694 1013 attentis
708 1000 739 1012 ex-

67 1026 134 1050 positis
148 1025 299 1046 circumstantiis,
314 1025 339 1044 ad
353 1025 373 1043 id
387 1025 523 1050 praestandum
532 1022 624 1044 ‘teneatur
637 1025 739 1044 canonieus

66 1056 251 1081 poenitentiarius».
270 1056 295 1075 Et
309 1056 327 1075 S.
346 1056 367 1075 C.
386 1056 464 1075 Rituum
483 1056 589 1080 rescripsit:
611 1062 621 1074 ι
636 1056 740 1080 Propositis

67 1088 130 1106 dubiis
143 1094 187 1106 esse
197 1088 297 1112 provisum
312 1094 347 1112 per
360 1088 437 1106 decreta
451 1088 470 1106 S.
481 1088 504 1107 C.
519 1087 600 1107 Con-:ilii
609 1094 627 1106 ›.

107 1129 134 1133 —
149 1118 179 1137 Ex
192 1118 273 1137 adverso
287 1119 369 1143 expendi
380 1123 444 1143 potest
453 1119 510 1144 quod,
521 1118 608 1144 quamvis
617 1118 637 1137 in
647 1119 740 1137 canoni-:o
