<?xml version="1.0" encoding="UTF-8"?>
<!DOCTYPE html PUBLIC "-//W3C//DTD XHTML 1.0 Transitional//EN"
    "http://www.w3.org/TR/xhtml1/DTD/xhtml1-transitional.dtd">
<html xmlns="http://www.w3.org/1999/xhtml" xml:lang="en" lang="en">
 <head>
  <title>
</title>
<meta http-equiv="Content-Type" content="text/html;charset=utf-8" />
  <meta name='ocr-system' content='tesseract 3.04.00' />
  <meta name='ocr-capabilities' content='ocr_page ocr_carea ocr_par ocr_line ocrx_word'/>
</head>
<body>
  <div class='ocr_page' id='page_1' title='image "actasanctaesedi05unkngoog_0071.png"; bbox 0 0 915 1302; ppageno 0'>
   <div class='ocr_carea' id='block_1_1' title="bbox 163 28 583 48">
    <p class='ocr_par' dir='ltr' id='par_1_1' title="bbox 163 28 583 48">
     <span class='ocr_line' id='line_1_1' title="bbox 163 28 583 48; baseline 0.002 -6"><span class='ocrx_word' id='word_1_1' title='bbox 163 28 183 42; x_wconf 79' lang='lat'>66</span> <span class='ocrx_word' id='word_1_2' title='bbox 416 28 481 43; x_wconf 69' lang='lat' dir='ltr'>Litterae</span> <span class='ocrx_word' id='word_1_3' title='bbox 492 28 583 48; x_wconf 75' lang='lat' dir='ltr'>Aposwh&#39;cae</span> 
     </span>
    </p>
   </div>
   <div class='ocr_carea' id='block_1_2' title="bbox 168 55 839 59">
    <p class='ocr_par' dir='ltr' id='par_1_2' title="bbox 168 55 839 59">
     <span class='ocr_line' id='line_1_2' title="bbox 168 55 839 59; baseline 0 0"><span class='ocrx_word' id='word_1_4' title='bbox 168 55 839 59; x_wconf 95' lang='lat' dir='ltr'> </span> 
     </span>
    </p>
   </div>
   <div class='ocr_carea' id='block_1_3' title="bbox 160 82 838 1139">
    <p class='ocr_par' dir='ltr' id='par_1_3' title="bbox 160 82 838 1139">
     <span class='ocr_line' id='line_1_3' title="bbox 164 82 838 108; baseline 0.001 -7"><span class='ocrx_word' id='word_1_5' title='bbox 164 86 205 101; x_wconf 81' lang='lat' dir='ltr'>tum</span> <span class='ocrx_word' id='word_1_6' title='bbox 219 82 334 101; x_wconf 84' lang='lat' dir='ltr'>incommodi</span> <span class='ocrx_word' id='word_1_7' title='bbox 349 82 434 101; x_wconf 85' lang='lat' dir='ltr'>moribus</span> <span class='ocrx_word' id='word_1_8' title='bbox 447 82 554 107; x_wconf 82' lang='lat' dir='ltr'>virtutique,</span> <span class='ocrx_word' id='word_1_9' title='bbox 565 87 657 107; x_wconf 82' lang='lat' dir='ltr'>quantum</span> <span class='ocrx_word' id='word_1_10' title='bbox 672 89 771 108; x_wconf 78' lang='lat' dir='ltr'>regressus</span> <span class='ocrx_word' id='word_1_11' title='bbox 779 89 791 102; x_wconf 82' lang='lat' dir='ltr'>a</span> <span class='ocrx_word' id='word_1_12' title='bbox 800 83 838 102; x_wconf 85' lang='lat' dir='ltr'>sin-</span> 
     </span>
     <span class='ocr_line' id='line_1_4' title="bbox 164 113 838 139; baseline 0.001 -7"><span class='ocrx_word' id='word_1_13' title='bbox 164 120 209 133; x_wconf 86' lang='lat' dir='ltr'>cero</span> <span class='ocrx_word' id='word_1_14' title='bbox 223 113 331 138; x_wconf 79' lang='lat' dir='ltr'>salubrique</span> <span class='ocrx_word' id='word_1_15' title='bbox 350 113 447 132; x_wconf 87' lang='lat' dir='ltr'>nationum</span> <span class='ocrx_word' id='word_1_16' title='bbox 461 120 484 133; x_wconf 85' lang='lat' dir='ltr'>ae</span> <span class='ocrx_word' id='word_1_17' title='bbox 502 114 589 139; x_wconf 84' lang='lat' dir='ltr'>gentium</span> <span class='ocrx_word' id='word_1_18' title='bbox 608 114 700 139; x_wconf 79' lang='lat' dir='ltr'>profectu.</span> <span class='ocrx_word' id='word_1_19' title='bbox 715 114 776 133; x_wconf 82' lang='lat' dir='ltr'>Nobis</span> <span class='ocrx_word' id='word_1_20' title='bbox 789 120 838 133; x_wconf 85' lang='lat' dir='ltr'>vero</span> 
     </span>
     <span class='ocr_line' id='line_1_5' title="bbox 164 145 837 169; baseline 0.001 -6"><span class='ocrx_word' id='word_1_21' title='bbox 164 151 276 169; x_wconf 87' lang='lat' dir='ltr'>persuasum</span> <span class='ocrx_word' id='word_1_22' title='bbox 290 148 319 163; x_wconf 84' lang='lat' dir='ltr'>est</span> <span class='ocrx_word' id='word_1_23' title='bbox 333 151 368 163; x_wconf 87' lang='lat' dir='ltr'>nec</span> <span class='ocrx_word' id='word_1_24' title='bbox 382 145 533 169; x_wconf 81' lang='lat' dir='ltr'>praetermisisse</span> <span class='ocrx_word' id='word_1_25' title='bbox 543 151 577 164; x_wconf 85' lang='lat' dir='ltr'>vos</span> <span class='ocrx_word' id='word_1_26' title='bbox 587 149 643 164; x_wconf 77' lang='lat' dir='ltr'>antea</span> <span class='ocrx_word' id='word_1_27' title='bbox 658 145 681 163; x_wconf 84' lang='lat' dir='ltr'>iis</span> <span class='ocrx_word' id='word_1_28' title='bbox 693 145 781 164; x_wconf 86' lang='lat' dir='ltr'>omnibus</span> <span class='ocrx_word' id='word_1_29' title='bbox 790 145 837 164; x_wconf 85' lang='lat' dir='ltr'>eniti</span> 
     </span>
     <span class='ocr_line' id='line_1_6' title="bbox 164 175 837 201; baseline 0.001 -7"><span class='ocrx_word' id='word_1_30' title='bbox 164 176 273 201; x_wconf 83' lang='lat' dir='ltr'>diligentiis,</span> <span class='ocrx_word' id='word_1_31' title='bbox 288 176 358 200; x_wconf 87' lang='lat' dir='ltr'>quibus</span> <span class='ocrx_word' id='word_1_32' title='bbox 371 175 418 195; x_wconf 79' lang='lat' dir='ltr'>haec</span> <span class='ocrx_word' id='word_1_33' title='bbox 433 176 478 194; x_wconf 82' lang='lat' dir='ltr'>talia</span> <span class='ocrx_word' id='word_1_34' title='bbox 487 180 573 195; x_wconf 74' lang='lat' dir='ltr'>averrere</span> <span class='ocrx_word' id='word_1_35' title='bbox 587 183 600 195; x_wconf 84' lang='lat' dir='ltr'>a</span> <span class='ocrx_word' id='word_1_36' title='bbox 613 176 675 201; x_wconf 81' lang='lat' dir='ltr'>patria</span> <span class='ocrx_word' id='word_1_37' title='bbox 688 180 708 195; x_wconf 92' lang='lat' dir='ltr'>et</span> <span class='ocrx_word' id='word_1_38' title='bbox 722 183 734 195; x_wconf 81' lang='lat' dir='ltr'>a</span> <span class='ocrx_word' id='word_1_39' title='bbox 743 176 837 201; x_wconf 81' lang='lat' dir='ltr'>religione</span> 
     </span>
     <span class='ocr_line' id='line_1_7' title="bbox 164 207 838 232; baseline 0 -6"><span class='ocrx_word' id='word_1_40' title='bbox 164 207 278 226; x_wconf 79' lang='lat' dir='ltr'>detrimenta</span> <span class='ocrx_word' id='word_1_41' title='bbox 292 207 380 232; x_wconf 79' lang='lat' dir='ltr'>possetis,</span> <span class='ocrx_word' id='word_1_42' title='bbox 392 213 427 226; x_wconf 87' lang='lat' dir='ltr'>nec</span> <span class='ocrx_word' id='word_1_43' title='bbox 441 207 460 226; x_wconf 93' lang='lat' dir='ltr'>in</span> <span class='ocrx_word' id='word_1_44' title='bbox 474 208 625 232; x_wconf 65' lang='lat' dir='ltr'>praesentiarum</span> <span class='ocrx_word' id='word_1_45' title='bbox 639 207 732 229; x_wconf 80' lang='lat' dir='ltr'>omittere,</span> <span class='ocrx_word' id='word_1_46' title='bbox 747 207 787 226; x_wconf 86' lang='lat' dir='ltr'>sive</span> <span class='ocrx_word' id='word_1_47' title='bbox 796 207 838 226; x_wconf 92' lang='lat' dir='ltr'>uni-</span> 
     </span>
     <span class='ocr_line' id='line_1_8' title="bbox 163 237 834 264; baseline 0 -7"><span class='ocrx_word' id='word_1_48' title='bbox 163 245 235 259; x_wconf 84' lang='lat' dir='ltr'>versos,</span> <span class='ocrx_word' id='word_1_49' title='bbox 250 239 289 257; x_wconf 90' lang='lat' dir='ltr'>sive</span> <span class='ocrx_word' id='word_1_50' title='bbox 304 238 395 264; x_wconf 82' lang='lat' dir='ltr'>singulos,</span> <span class='ocrx_word' id='word_1_51' title='bbox 406 238 430 257; x_wconf 81' lang='lat' dir='ltr'>de</span> <span class='ocrx_word' id='word_1_52' title='bbox 441 239 510 263; x_wconf 84' lang='lat' dir='ltr'>iniquis</span> <span class='ocrx_word' id='word_1_53' title='bbox 520 237 603 258; x_wconf 85' lang='lat' dir='ltr'>consiliis</span> <span class='ocrx_word' id='word_1_54' title='bbox 613 245 634 257; x_wconf 83' lang='lat' dir='ltr'>ac</span> <span class='ocrx_word' id='word_1_55' title='bbox 648 238 724 264; x_wconf 80' lang='lat' dir='ltr'>legibus</span> <span class='ocrx_word' id='word_1_56' title='bbox 738 239 834 263; x_wconf 81' lang='lat' dir='ltr'>conqueri.</span> 
     </span>
     <span class='ocr_line' id='line_1_9' title="bbox 163 270 837 295; baseline 0 -7"><span class='ocrx_word' id='word_1_57' title='bbox 163 270 191 288; x_wconf 83' lang='lat' dir='ltr'>At</span> <span class='ocrx_word' id='word_1_58' title='bbox 205 270 246 289; x_wconf 83' lang='lat' dir='ltr'>Nos</span> <span class='ocrx_word' id='word_1_59' title='bbox 260 270 318 288; x_wconf 87' lang='lat' dir='ltr'>etiam</span> <span class='ocrx_word' id='word_1_60' title='bbox 332 270 448 289; x_wconf 84' lang='lat' dir='ltr'>conscientia</span> <span class='ocrx_word' id='word_1_61' title='bbox 463 274 520 295; x_wconf 82' lang='lat' dir='ltr'>urget</span> <span class='ocrx_word' id='word_1_62' title='bbox 534 270 596 291; x_wconf 87' lang='lat' dir='ltr'>officii,</span> <span class='ocrx_word' id='word_1_63' title='bbox 611 270 685 294; x_wconf 84' lang='lat' dir='ltr'>quibus.</span> <span class='ocrx_word' id='word_1_64' title='bbox 696 276 754 294; x_wconf 85' lang='lat' dir='ltr'>quum</span> <span class='ocrx_word' id='word_1_65' title='bbox 764 270 837 289; x_wconf 85' lang='lat' dir='ltr'>credita</span> 
     </span>
     <span class='ocr_line' id='line_1_10' title="bbox 164 296 836 326; baseline 0.001 -7"><span class='ocrx_word' id='word_1_66' title='bbox 164 296 273 320; x_wconf 78' lang='lat' dir='ltr'>cunctarum</span> <span class='ocrx_word' id='word_1_67' title='bbox 287 301 373 326; x_wconf 84' lang='lat' dir='ltr'>gentium</span> <span class='ocrx_word' id='word_1_68' title='bbox 383 301 521 320; x_wconf 81' lang='lat' dir='ltr'>administratio</span> <span class='ocrx_word' id='word_1_69' title='bbox 531 302 560 323; x_wconf 87' lang='lat' dir='ltr'>sit,</span> <span class='ocrx_word' id='word_1_70' title='bbox 572 301 663 326; x_wconf 83' lang='lat' dir='ltr'>evigilare</span> <span class='ocrx_word' id='word_1_71' title='bbox 671 305 690 320; x_wconf 91' lang='lat' dir='ltr'>et</span> <span class='ocrx_word' id='word_1_72' title='bbox 697 301 742 320; x_wconf 85' lang='lat' dir='ltr'>eniti</span> <span class='ocrx_word' id='word_1_73' title='bbox 758 308 836 320; x_wconf 83' lang='lat' dir='ltr'>necesse</span> 
     </span>
     <span class='ocr_line' id='line_1_11' title="bbox 163 333 836 357; baseline 0.001 -6"><span class='ocrx_word' id='word_1_74' title='bbox 163 337 198 354; x_wconf 88' lang='lat' dir='ltr'>est,</span> <span class='ocrx_word' id='word_1_75' title='bbox 218 339 242 352; x_wconf 87' lang='lat' dir='ltr'>ne</span> <span class='ocrx_word' id='word_1_76' title='bbox 260 333 306 357; x_wconf 91' lang='lat' dir='ltr'>quid</span> <span class='ocrx_word' id='word_1_77' title='bbox 323 333 425 352; x_wconf 81' lang='lat' dir='ltr'>christiana</span> <span class='ocrx_word' id='word_1_78' title='bbox 444 333 567 355; x_wconf 79' lang='lat' dir='ltr'>consociatio,</span> <span class='ocrx_word' id='word_1_79' title='bbox 587 333 687 351; x_wconf 87' lang='lat' dir='ltr'>cuiuslibet</span> <span class='ocrx_word' id='word_1_80' title='bbox 704 333 800 352; x_wconf 82' lang='lat' dir='ltr'>molimine</span> <span class='ocrx_word' id='word_1_81' title='bbox 816 337 836 352; x_wconf 86' lang='lat' dir='ltr'>et</span> 
     </span>
     <span class='ocr_line' id='line_1_12' title="bbox 163 364 837 389; baseline 0.001 -7"><span class='ocrx_word' id='word_1_82' title='bbox 163 370 227 388; x_wconf 80' lang='lat' dir='ltr'>opera,</span> <span class='ocrx_word' id='word_1_83' title='bbox 242 364 307 383; x_wconf 82' lang='lat' dir='ltr'>damni</span> <span class='ocrx_word' id='word_1_84' title='bbox 321 364 430 389; x_wconf 83' lang='lat' dir='ltr'>persentiat.</span> <span class='ocrx_word' id='word_1_85' title='bbox 446 364 511 388; x_wconf 84' lang='lat' dir='ltr'>Itaque</span> <span class='ocrx_word' id='word_1_86' title='bbox 526 364 617 383; x_wconf 80' lang='lat' dir='ltr'>Nostrum</span> <span class='ocrx_word' id='word_1_87' title='bbox 636 364 654 383; x_wconf 90' lang='lat' dir='ltr'>in</span> <span class='ocrx_word' id='word_1_88' title='bbox 673 364 737 388; x_wconf 86' lang='lat' dir='ltr'>primis</span> <span class='ocrx_word' id='word_1_89' title='bbox 751 368 781 383; x_wconf 76' lang='lat' dir='ltr'>est</span> <span class='ocrx_word' id='word_1_90' title='bbox 794 370 837 383; x_wconf 86' lang='lat' dir='ltr'>san-</span> 
     </span>
     <span class='ocr_line' id='line_1_13' title="bbox 163 395 836 420; baseline 0.001 -7"><span class='ocrx_word' id='word_1_91' title='bbox 163 395 247 414; x_wconf 85' lang='lat' dir='ltr'>ctissima</span> <span class='ocrx_word' id='word_1_92' title='bbox 260 395 301 414; x_wconf 87' lang='lat' dir='ltr'>iura</span> <span class='ocrx_word' id='word_1_93' title='bbox 316 395 413 414; x_wconf 78' lang='lat' dir='ltr'>Ecclesiae</span> <span class='ocrx_word' id='word_1_94' title='bbox 427 401 517 414; x_wconf 79' lang='lat' dir='ltr'>revocare</span> <span class='ocrx_word' id='word_1_95' title='bbox 531 396 549 414; x_wconf 93' lang='lat' dir='ltr'>in</span> <span class='ocrx_word' id='word_1_96' title='bbox 560 395 677 417; x_wconf 75' lang='lat' dir='ltr'>memoriam,</span> <span class='ocrx_word' id='word_1_97' title='bbox 692 402 753 420; x_wconf 84' lang='lat' dir='ltr'>eaque</span> <span class='ocrx_word' id='word_1_98' title='bbox 768 395 836 414; x_wconf 88' lang='lat' dir='ltr'>nullius</span> 
     </span>
     <span class='ocr_line' id='line_1_14' title="bbox 163 426 836 451; baseline 0 -6"><span class='ocrx_word' id='word_1_99' title='bbox 163 426 262 445; x_wconf 81' lang='lat' dir='ltr'>formidine</span> <span class='ocrx_word' id='word_1_100' title='bbox 277 426 377 451; x_wconf 81' lang='lat' dir='ltr'>potestatis</span> <span class='ocrx_word' id='word_1_101' title='bbox 391 426 509 448; x_wconf 81' lang='lat' dir='ltr'>confirmare,</span> <span class='ocrx_word' id='word_1_102' title='bbox 520 426 600 445; x_wconf 85' lang='lat' dir='ltr'>suadere</span> <span class='ocrx_word' id='word_1_103' title='bbox 610 433 631 445; x_wconf 84' lang='lat' dir='ltr'>ac</span> <span class='ocrx_word' id='word_1_104' title='bbox 646 427 699 445; x_wconf 87' lang='lat' dir='ltr'>tueri.</span> <span class='ocrx_word' id='word_1_105' title='bbox 715 426 836 445; x_wconf 80' lang='lat' dir='ltr'>Potissimum</span> 
     </span>
     <span class='ocr_line' id='line_1_15' title="bbox 162 457 836 482; baseline 0 -6"><span class='ocrx_word' id='word_1_106' title='bbox 162 463 214 479; x_wconf 85' lang='lat' dir='ltr'>vero,</span> <span class='ocrx_word' id='word_1_107' title='bbox 229 457 319 482; x_wconf 82' lang='lat' dir='ltr'>quoniam</span> <span class='ocrx_word' id='word_1_108' title='bbox 329 457 416 482; x_wconf 89' lang='lat' dir='ltr'>privatim</span> <span class='ocrx_word' id='word_1_109' title='bbox 425 457 538 482; x_wconf 83' lang='lat' dir='ltr'>publiceque</span> <span class='ocrx_word' id='word_1_110' title='bbox 548 464 669 482; x_wconf 84' lang='lat' dir='ltr'>summopere</span> <span class='ocrx_word' id='word_1_111' title='bbox 683 458 767 479; x_wconf 85' lang='lat' dir='ltr'>interest.</span> <span class='ocrx_word' id='word_1_112' title='bbox 778 457 836 476; x_wconf 92' lang='lat' dir='ltr'>idern-</span> 
     </span>
     <span class='ocr_line' id='line_1_16' title="bbox 162 489 836 514; baseline 0 -6"><span class='ocrx_word' id='word_1_113' title='bbox 162 495 200 514; x_wconf 87' lang='lat' dir='ltr'>que</span> <span class='ocrx_word' id='word_1_114' title='bbox 214 489 325 508; x_wconf 79' lang='lat' dir='ltr'>immanium</span> <span class='ocrx_word' id='word_1_115' title='bbox 339 493 403 514; x_wconf 86' lang='lat' dir='ltr'>potest</span> <span class='ocrx_word' id='word_1_116' title='bbox 419 489 511 508; x_wconf 81' lang='lat' dir='ltr'>malorum</span> <span class='ocrx_word' id='word_1_117' title='bbox 526 495 537 507; x_wconf 84' lang='lat' dir='ltr'>a</span> <span class='ocrx_word' id='word_1_118' title='bbox 551 489 643 508; x_wconf 75' lang='lat' dir='ltr'>societate</span> <span class='ocrx_word' id='word_1_119' title='bbox 659 489 765 508; x_wconf 80' lang='lat' dir='ltr'>domestica</span> <span class='ocrx_word' id='word_1_120' title='bbox 778 493 797 508; x_wconf 89' lang='lat' dir='ltr'>et</span> <span class='ocrx_word' id='word_1_121' title='bbox 812 489 836 508; x_wconf 86' lang='lat' dir='ltr'>ci-</span> 
     </span>
     <span class='ocr_line' id='line_1_17' title="bbox 162 520 835 545; baseline 0 -6"><span class='ocrx_word' id='word_1_122' title='bbox 162 520 194 539; x_wconf 92' lang='lat' dir='ltr'>vili</span> <span class='ocrx_word' id='word_1_123' title='bbox 208 520 309 545; x_wconf 87' lang='lat' dir='ltr'>prohibere</span> <span class='ocrx_word' id='word_1_124' title='bbox 327 520 404 542; x_wconf 83' lang='lat' dir='ltr'>sontem.</span> <span class='ocrx_word' id='word_1_125' title='bbox 420 520 476 545; x_wconf 87' lang='lat' dir='ltr'>quale</span> <span class='ocrx_word' id='word_1_126' title='bbox 491 521 516 539; x_wconf 89' lang='lat' dir='ltr'>sit</span> <span class='ocrx_word' id='word_1_127' title='bbox 529 520 627 539; x_wconf 80' lang='lat' dir='ltr'>christiani</span> <span class='ocrx_word' id='word_1_128' title='bbox 642 521 726 545; x_wconf 81' lang='lat' dir='ltr'>coniugii</span> <span class='ocrx_word' id='word_1_129' title='bbox 737 520 835 545; x_wconf 81' lang='lat' dir='ltr'>ingenium</span> 
     </span>
     <span class='ocr_line' id='line_1_18' title="bbox 163 551 835 576; baseline 0 -6"><span class='ocrx_word' id='word_1_130' title='bbox 163 552 276 571; x_wconf 88' lang='lat' dir='ltr'>edicendum</span> <span class='ocrx_word' id='word_1_131' title='bbox 295 552 423 573; x_wconf 51' lang='lat' dir='ltr'>arbitramurs</span> <span class='ocrx_word' id='word_1_132' title='bbox 433 552 505 576; x_wconf 86' lang='lat' dir='ltr'>quippe</span> <span class='ocrx_word' id='word_1_133' title='bbox 519 551 571 576; x_wconf 88' lang='lat' dir='ltr'>quod</span> <span class='ocrx_word' id='word_1_134' title='bbox 586 551 673 570; x_wconf 83' lang='lat' dir='ltr'>videmus</span> <span class='ocrx_word' id='word_1_135' title='bbox 689 556 709 570; x_wconf 84' lang='lat' dir='ltr'>ct</span> <span class='ocrx_word' id='word_1_136' title='bbox 722 558 788 570; x_wconf 90' lang='lat' dir='ltr'>eorum</span> <span class='ocrx_word' id='word_1_137' title='bbox 803 552 835 576; x_wconf 94' lang='lat' dir='ltr'>qui</span> 
     </span>
     <span class='ocr_line' id='line_1_19' title="bbox 162 582 835 607; baseline 0.001 -6"><span class='ocrx_word' id='word_1_138' title='bbox 162 586 254 607; x_wconf 81' lang='lat' dir='ltr'>praesunt</span> <span class='ocrx_word' id='word_1_139' title='bbox 267 582 361 601; x_wconf 77' lang='lat' dir='ltr'>excidisse</span> <span class='ocrx_word' id='word_1_140' title='bbox 375 588 400 601; x_wconf 87' lang='lat' dir='ltr'>ex</span> <span class='ocrx_word' id='word_1_141' title='bbox 410 582 483 604; x_wconf 81' lang='lat' dir='ltr'>animis,</span> <span class='ocrx_word' id='word_1_142' title='bbox 498 586 518 601; x_wconf 91' lang='lat' dir='ltr'>et</span> <span class='ocrx_word' id='word_1_143' title='bbox 532 582 630 601; x_wconf 82' lang='lat' dir='ltr'>fallacibus</span> <span class='ocrx_word' id='word_1_144' title='bbox 640 583 719 601; x_wconf 82' lang='lat' dir='ltr'>cessisse</span> <span class='ocrx_word' id='word_1_145' title='bbox 733 583 835 603; x_wconf 83' lang='lat' dir='ltr'>erroribus.</span> 
     </span>
     <span class='ocr_line' id='line_1_20' title="bbox 163 613 836 639; baseline 0.001 -7"><span class='ocrx_word' id='word_1_146' title='bbox 163 614 286 632; x_wconf 84' lang='lat' dir='ltr'>Immemores</span> <span class='ocrx_word' id='word_1_147' title='bbox 303 613 354 632; x_wconf 84' lang='lat' dir='ltr'>enim</span> <span class='ocrx_word' id='word_1_148' title='bbox 372 613 441 639; x_wconf 70' lang='lat' dir='ltr'>indolis</span> <span class='ocrx_word' id='word_1_149' title='bbox 458 619 523 632; x_wconf 79' lang='lat' dir='ltr'>sacrae</span> <span class='ocrx_word' id='word_1_150' title='bbox 543 613 626 638; x_wconf 85' lang='lat' dir='ltr'>coniugii</span> <span class='ocrx_word' id='word_1_151' title='bbox 644 613 733 638; x_wconf 86' lang='lat' dir='ltr'>falsisque</span> <span class='ocrx_word' id='word_1_152' title='bbox 752 614 836 633; x_wconf 80' lang='lat' dir='ltr'>irretitos</span> 
     </span>
     <span class='ocr_line' id='line_1_21' title="bbox 162 644 835 671; baseline 0.001 -8"><span class='ocrx_word' id='word_1_153' title='bbox 162 644 285 669; x_wconf 81' lang='lat' dir='ltr'>opinionibus</span> <span class='ocrx_word' id='word_1_154' title='bbox 298 651 332 663; x_wconf 90' lang='lat' dir='ltr'>eos</span> <span class='ocrx_word' id='word_1_155' title='bbox 349 651 393 663; x_wconf 83' lang='lat' dir='ltr'>esse</span> <span class='ocrx_word' id='word_1_156' title='bbox 407 648 489 669; x_wconf 81' lang='lat' dir='ltr'>oportet,</span> <span class='ocrx_word' id='word_1_157' title='bbox 509 645 541 669; x_wconf 91' lang='lat' dir='ltr'>qui</span> <span class='ocrx_word' id='word_1_158' title='bbox 560 644 663 666; x_wconf 82' lang='lat' dir='ltr'>Ecclesiae,</span> <span class='ocrx_word' id='word_1_159' title='bbox 679 645 767 670; x_wconf 79' lang='lat' dir='ltr'>rogando</span> <span class='ocrx_word' id='word_1_160' title='bbox 781 645 835 671; x_wconf 83' lang='lat' dir='ltr'>leges</span> 
     </span>
     <span class='ocr_line' id='line_1_22' title="bbox 162 676 836 701; baseline 0 -6"><span class='ocrx_word' id='word_1_161' title='bbox 162 676 295 698; x_wconf 80' lang='lat' dir='ltr'>sanciendove.</span> <span class='ocrx_word' id='word_1_162' title='bbox 311 682 405 701; x_wconf 81' lang='lat' dir='ltr'>occupare</span> <span class='ocrx_word' id='word_1_163' title='bbox 415 676 494 695; x_wconf 77' lang='lat' dir='ltr'>liberam</span> <span class='ocrx_word' id='word_1_164' title='bbox 504 676 528 695; x_wconf 88' lang='lat' dir='ltr'>de</span> <span class='ocrx_word' id='word_1_165' title='bbox 538 676 659 695; x_wconf 86' lang='lat' dir='ltr'>matrimonio</span> <span class='ocrx_word' id='word_1_166' title='bbox 669 676 786 701; x_wconf 83' lang='lat' dir='ltr'>provinciam</span> <span class='ocrx_word' id='word_1_167' title='bbox 796 683 836 695; x_wconf 85' lang='lat' dir='ltr'>mo-</span> 
     </span>
     <span class='ocr_line' id='line_1_23' title="bbox 162 707 836 732; baseline 0 -6"><span class='ocrx_word' id='word_1_168' title='bbox 162 707 236 726; x_wconf 88' lang='lat' dir='ltr'>liantur.</span> <span class='ocrx_word' id='word_1_169' title='bbox 252 708 334 726; x_wconf 87' lang='lat' dir='ltr'>Constat</span> <span class='ocrx_word' id='word_1_170' title='bbox 344 713 425 732; x_wconf 84' lang='lat' dir='ltr'>namque</span> <span class='ocrx_word' id='word_1_171' title='bbox 439 707 490 731; x_wconf 79' lang='lat' dir='ltr'>apud</span> <span class='ocrx_word' id='word_1_172' title='bbox 504 713 571 726; x_wconf 83' lang='lat' dir='ltr'>omnes</span> <span class='ocrx_word' id='word_1_173' title='bbox 586 707 669 732; x_wconf 87' lang='lat' dir='ltr'>nihilque</span> <span class='ocrx_word' id='word_1_174' title='bbox 684 708 742 727; x_wconf 88' lang='lat' dir='ltr'>habet</span> <span class='ocrx_word' id='word_1_175' title='bbox 756 708 775 726; x_wconf 93' lang='lat' dir='ltr'>in</span> <span class='ocrx_word' id='word_1_176' title='bbox 789 708 836 726; x_wconf 86' lang='lat' dir='ltr'>chri-</span> 
     </span>
     <span class='ocr_line' id='line_1_24' title="bbox 161 738 835 760; baseline 0.001 -3"><span class='ocrx_word' id='word_1_177' title='bbox 161 739 223 757; x_wconf 75' lang='lat' dir='ltr'>stiana</span> <span class='ocrx_word' id='word_1_178' title='bbox 238 739 357 757; x_wconf 86' lang='lat' dir='ltr'>multitudine</span> <span class='ocrx_word' id='word_1_179' title='bbox 371 738 429 760; x_wconf 88' lang='lat' dir='ltr'>dubii,</span> <span class='ocrx_word' id='word_1_180' title='bbox 445 739 586 757; x_wconf 90' lang='lat' dir='ltr'>matrimonium</span> <span class='ocrx_word' id='word_1_181' title='bbox 601 739 619 757; x_wconf 90' lang='lat' dir='ltr'>in</span> <span class='ocrx_word' id='word_1_182' title='bbox 633 739 716 758; x_wconf 80' lang='lat' dir='ltr'>officium</span> <span class='ocrx_word' id='word_1_183' title='bbox 731 743 810 758; x_wconf 73' lang='lat' dir='ltr'>naturae</span> <span class='ocrx_word' id='word_1_184' title='bbox 824 746 835 758; x_wconf 88' lang='lat' dir='ltr'>a</span> 
     </span>
     <span class='ocr_line' id='line_1_25' title="bbox 162 769 836 794; baseline 0 -6"><span class='ocrx_word' id='word_1_185' title='bbox 162 770 205 789; x_wconf 90' lang='lat' dir='ltr'>Deo</span> <span class='ocrx_word' id='word_1_186' title='bbox 219 770 323 791; x_wconf 83' lang='lat' dir='ltr'>conditum,</span> <span class='ocrx_word' id='word_1_187' title='bbox 341 776 353 788; x_wconf 94' lang='lat' dir='ltr'>a</span> <span class='ocrx_word' id='word_1_188' title='bbox 367 770 415 791; x_wconf 86' lang='lat' dir='ltr'>Iesu,</span> <span class='ocrx_word' id='word_1_189' title='bbox 435 769 512 788; x_wconf 84' lang='lat' dir='ltr'>humani</span> <span class='ocrx_word' id='word_1_190' title='bbox 530 770 608 794; x_wconf 86' lang='lat' dir='ltr'>generis</span> <span class='ocrx_word' id='word_1_191' title='bbox 625 770 727 789; x_wconf 84' lang='lat' dir='ltr'>Servatore</span> <span class='ocrx_word' id='word_1_192' title='bbox 741 774 761 789; x_wconf 83' lang='lat' dir='ltr'>et</span> <span class='ocrx_word' id='word_1_193' title='bbox 775 770 836 788; x_wconf 82' lang='lat' dir='ltr'>Resti-</span> 
     </span>
     <span class='ocr_line' id='line_1_26' title="bbox 161 800 835 826; baseline 0.001 -7"><span class='ocrx_word' id='word_1_194' title='bbox 161 804 234 822; x_wconf 85' lang='lat' dir='ltr'>tutore,</span> <span class='ocrx_word' id='word_1_195' title='bbox 249 801 274 819; x_wconf 93' lang='lat' dir='ltr'>ad</span> <span class='ocrx_word' id='word_1_196' title='bbox 287 801 401 826; x_wconf 72' lang='lat' dir='ltr'>dignimtem</span> <span class='ocrx_word' id='word_1_197' title='bbox 415 800 534 819; x_wconf 85' lang='lat' dir='ltr'>Sacramenti</span> <span class='ocrx_word' id='word_1_198' title='bbox 549 807 591 819; x_wconf 86' lang='lat' dir='ltr'>esse</span> <span class='ocrx_word' id='word_1_199' title='bbox 605 806 701 823; x_wconf 85' lang='lat' dir='ltr'>evectum,</span> <span class='ocrx_word' id='word_1_200' title='bbox 717 802 744 820; x_wconf 80' lang='lat' dir='ltr'>ita</span> <span class='ocrx_word' id='word_1_201' title='bbox 757 802 835 826; x_wconf 85' lang='lat' dir='ltr'>quidem</span> 
     </span>
     <span class='ocr_line' id='line_1_27' title="bbox 162 832 834 857; baseline 0.001 -7"><span class='ocrx_word' id='word_1_202' title='bbox 162 836 182 850; x_wconf 96' lang='lat' dir='ltr'>ut</span> <span class='ocrx_word' id='word_1_203' title='bbox 196 835 279 856; x_wconf 82' lang='lat' dir='ltr'>nequeat</span> <span class='ocrx_word' id='word_1_204' title='bbox 292 832 437 850; x_wconf 81' lang='lat' dir='ltr'>christianorum</span> <span class='ocrx_word' id='word_1_205' title='bbox 452 832 562 857; x_wconf 79' lang='lat' dir='ltr'>coniugium</span> <span class='ocrx_word' id='word_1_206' title='bbox 577 833 616 851; x_wconf 87' lang='lat' dir='ltr'>veri</span> <span class='ocrx_word' id='word_1_207' title='bbox 635 833 717 851; x_wconf 90' lang='lat' dir='ltr'>nominis</span> <span class='ocrx_word' id='word_1_208' title='bbox 730 833 834 857; x_wconf 83' lang='lat' dir='ltr'>quodpiam</span> 
     </span>
     <span class='ocr_line' id='line_1_28' title="bbox 162 863 835 889; baseline 0.001 -7"><span class='ocrx_word' id='word_1_209' title='bbox 162 870 173 882; x_wconf 90' lang='lat' dir='ltr'>a</span> <span class='ocrx_word' id='word_1_210' title='bbox 187 863 305 884; x_wconf 69' lang='lat' dir='ltr'>sacramenti</span> <span class='ocrx_word' id='word_1_211' title='bbox 320 863 393 882; x_wconf 80' lang='lat' dir='ltr'>ratione</span> <span class='ocrx_word' id='word_1_212' title='bbox 408 863 488 888; x_wconf 78' lang='lat' dir='ltr'>seiungi.</span> <span class='ocrx_word' id='word_1_213' title='bbox 504 863 548 885; x_wconf 80' lang='lat' dir='ltr'>Iam.</span> <span class='ocrx_word' id='word_1_214' title='bbox 564 863 731 883; x_wconf 86' lang='lat' dir='ltr'>Sacramentorum</span> <span class='ocrx_word' id='word_1_215' title='bbox 748 864 835 889; x_wconf 85' lang='lat' dir='ltr'>regimen</span> 
     </span>
     <span class='ocr_line' id='line_1_29' title="bbox 161 894 835 920; baseline 0.001 -7"><span class='ocrx_word' id='word_1_216' title='bbox 161 898 181 913; x_wconf 87' lang='lat' dir='ltr'>et</span> <span class='ocrx_word' id='word_1_217' title='bbox 195 895 223 914; x_wconf 86' lang='lat' dir='ltr'>ius</span> <span class='ocrx_word' id='word_1_218' title='bbox 237 895 289 913; x_wconf 90' lang='lat' dir='ltr'>omni</span> <span class='ocrx_word' id='word_1_219' title='bbox 303 899 333 913; x_wconf 88' lang='lat' dir='ltr'>est</span> <span class='ocrx_word' id='word_1_220' title='bbox 347 894 417 913; x_wconf 84' lang='lat' dir='ltr'>lumine</span> <span class='ocrx_word' id='word_1_221' title='bbox 426 894 494 913; x_wconf 82' lang='lat' dir='ltr'>clarius</span> <span class='ocrx_word' id='word_1_222' title='bbox 509 895 563 913; x_wconf 80' lang='lat' dir='ltr'>unius</span> <span class='ocrx_word' id='word_1_223' title='bbox 573 901 630 919; x_wconf 85' lang='lat' dir='ltr'>posse</span> <span class='ocrx_word' id='word_1_224' title='bbox 643 895 722 920; x_wconf 80' lang='lat' dir='ltr'>intelligi</span> <span class='ocrx_word' id='word_1_225' title='bbox 736 895 835 914; x_wconf 82' lang='lat' dir='ltr'>Ecclesiae</span> 
     </span>
     <span class='ocr_line' id='line_1_30' title="bbox 161 926 835 951; baseline 0.001 -7"><span class='ocrx_word' id='word_1_226' title='bbox 161 926 251 950; x_wconf 75' lang='lat' dir='ltr'>potestati</span> <span class='ocrx_word' id='word_1_227' title='bbox 266 926 356 947; x_wconf 81' lang='lat' dir='ltr'>subiecta.</span> <span class='ocrx_word' id='word_1_228' title='bbox 374 930 513 950; x_wconf 81' lang='lat' dir='ltr'>proptereaque</span> <span class='ocrx_word' id='word_1_229' title='bbox 530 926 613 951; x_wconf 82' lang='lat' dir='ltr'>coniugii</span> <span class='ocrx_word' id='word_1_230' title='bbox 630 932 668 945; x_wconf 88' lang='lat' dir='ltr'>non</span> <span class='ocrx_word' id='word_1_231' title='bbox 682 927 758 951; x_wconf 85' lang='lat' dir='ltr'>quidem</span> <span class='ocrx_word' id='word_1_232' title='bbox 774 927 835 951; x_wconf 83' lang='lat' dir='ltr'>reipu-</span> 
     </span>
     <span class='ocr_line' id='line_1_31' title="bbox 161 957 835 982; baseline 0 -6"><span class='ocrx_word' id='word_1_233' title='bbox 161 957 222 976; x_wconf 86' lang='lat' dir='ltr'>blicae</span> <span class='ocrx_word' id='word_1_234' title='bbox 236 957 340 982; x_wconf 77' lang='lat' dir='ltr'>permissae</span> <span class='ocrx_word' id='word_1_235' title='bbox 355 957 408 982; x_wconf 84' lang='lat' dir='ltr'>leges</span> <span class='ocrx_word' id='word_1_236' title='bbox 422 961 466 975; x_wconf 78' lang='lat' dir='ltr'>sunt</span> <span class='ocrx_word' id='word_1_237' title='bbox 480 957 513 976; x_wconf 83' lang='lat' dir='ltr'>sed</span> <span class='ocrx_word' id='word_1_238' title='bbox 528 957 631 978; x_wconf 86' lang='lat' dir='ltr'>Ecclesiae.</span> <span class='ocrx_word' id='word_1_239' title='bbox 643 957 721 982; x_wconf 84' lang='lat' dir='ltr'>perinde</span> <span class='ocrx_word' id='word_1_240' title='bbox 736 964 758 976; x_wconf 83' lang='lat' dir='ltr'>ac</span> <span class='ocrx_word' id='word_1_241' title='bbox 769 964 835 976; x_wconf 79' lang='lat' dir='ltr'>sacrae</span> 
     </span>
     <span class='ocr_line' id='line_1_32' title="bbox 161 988 835 1010; baseline 0 -3"><span class='ocrx_word' id='word_1_242' title='bbox 161 988 244 1007; x_wconf 83' lang='lat' dir='ltr'>cuiusvis</span> <span class='ocrx_word' id='word_1_243' title='bbox 258 989 291 1010; x_wconf 87' lang='lat' dir='ltr'>rei,</span> <span class='ocrx_word' id='word_1_244' title='bbox 307 989 338 1007; x_wconf 92' lang='lat' dir='ltr'>uni</span> <span class='ocrx_word' id='word_1_245' title='bbox 352 992 372 1007; x_wconf 88' lang='lat' dir='ltr'>et</span> <span class='ocrx_word' id='word_1_246' title='bbox 386 988 420 1007; x_wconf 88' lang='lat' dir='ltr'>soli</span> <span class='ocrx_word' id='word_1_247' title='bbox 435 993 527 1007; x_wconf 80' lang='lat' dir='ltr'>servatae.</span> <span class='ocrx_word' id='word_1_248' title='bbox 538 988 593 1007; x_wconf 84' lang='lat' dir='ltr'>Velle</span> <span class='ocrx_word' id='word_1_249' title='bbox 609 988 679 1007; x_wconf 87' lang='lat' dir='ltr'>idcirco</span> <span class='ocrx_word' id='word_1_250' title='bbox 689 989 713 1007; x_wconf 85' lang='lat' dir='ltr'>de</span> <span class='ocrx_word' id='word_1_251' title='bbox 725 988 835 1008; x_wconf 87' lang='lat' dir='ltr'>christiano-</span> 
     </span>
     <span class='ocr_line' id='line_1_33' title="bbox 162 1019 833 1044; baseline 0 -6"><span class='ocrx_word' id='word_1_252' title='bbox 162 1026 203 1038; x_wconf 86' lang='lat' dir='ltr'>rum</span> <span class='ocrx_word' id='word_1_253' title='bbox 214 1020 334 1039; x_wconf 85' lang='lat' dir='ltr'>matrimonio</span> <span class='ocrx_word' id='word_1_254' title='bbox 342 1026 381 1041; x_wconf 84' lang='lat' dir='ltr'>eos,</span> <span class='ocrx_word' id='word_1_255' title='bbox 389 1020 422 1044; x_wconf 84' lang='lat' dir='ltr'>qui</span> <span class='ocrx_word' id='word_1_256' title='bbox 430 1019 516 1038; x_wconf 85' lang='lat' dir='ltr'>civilibus</span> <span class='ocrx_word' id='word_1_257' title='bbox 529 1024 620 1043; x_wconf 81' lang='lat' dir='ltr'>praesunt</span> <span class='ocrx_word' id='word_1_258' title='bbox 627 1020 715 1044; x_wconf 83' lang='lat' dir='ltr'>negotiis.</span> <span class='ocrx_word' id='word_1_259' title='bbox 727 1020 755 1038; x_wconf 93' lang='lat' dir='ltr'>ius</span> <span class='ocrx_word' id='word_1_260' title='bbox 764 1020 833 1041; x_wconf 85' lang='lat' dir='ltr'>dicere.</span> 
     </span>
     <span class='ocr_line' id='line_1_34' title="bbox 161 1050 834 1076; baseline 0 -7"><span class='ocrx_word' id='word_1_261' title='bbox 161 1051 211 1070; x_wconf 89' lang='lat' dir='ltr'>idem</span> <span class='ocrx_word' id='word_1_262' title='bbox 226 1051 311 1076; x_wconf 83' lang='lat' dir='ltr'>profecto</span> <span class='ocrx_word' id='word_1_263' title='bbox 330 1055 359 1069; x_wconf 87' lang='lat' dir='ltr'>est</span> <span class='ocrx_word' id='word_1_264' title='bbox 377 1057 400 1069; x_wconf 84' lang='lat' dir='ltr'>ac</span> <span class='ocrx_word' id='word_1_265' title='bbox 418 1051 459 1069; x_wconf 82' lang='lat' dir='ltr'>iura</span> <span class='ocrx_word' id='word_1_266' title='bbox 477 1051 557 1075; x_wconf 83' lang='lat' dir='ltr'>aggredi</span> <span class='ocrx_word' id='word_1_267' title='bbox 577 1050 640 1069; x_wconf 82' lang='lat' dir='ltr'>aliena</span> <span class='ocrx_word' id='word_1_268' title='bbox 658 1057 737 1075; x_wconf 87' lang='lat' dir='ltr'>remque</span> <span class='ocrx_word' id='word_1_269' title='bbox 751 1050 834 1069; x_wconf 84' lang='lat' dir='ltr'>conflare</span> 
     </span>
     <span class='ocr_line' id='line_1_35' title="bbox 160 1081 833 1109; baseline 0 -8"><span class='ocrx_word' id='word_1_270' title='bbox 160 1082 217 1107; x_wconf 88' lang='lat' dir='ltr'>plane</span> <span class='ocrx_word' id='word_1_271' title='bbox 227 1082 303 1102; x_wconf 87' lang='lat' dir='ltr'>nullam.</span> <span class='ocrx_word' id='word_1_272' title='bbox 311 1082 343 1109; x_wconf 20' lang='lat' dir='ltr'>*Ex</span> <span class='ocrx_word' id='word_1_273' title='bbox 352 1088 391 1107; x_wconf 88' lang='lat' dir='ltr'>quo</span> <span class='ocrx_word' id='word_1_274' title='bbox 401 1082 421 1101; x_wconf 74' lang='lat' dir='ltr'>fit</span> <span class='ocrx_word' id='word_1_275' title='bbox 431 1086 451 1100; x_wconf 86' lang='lat' dir='ltr'>ut</span> <span class='ocrx_word' id='word_1_276' title='bbox 460 1081 492 1106; x_wconf 95' lang='lat' dir='ltr'>qui</span> <span class='ocrx_word' id='word_1_277' title='bbox 499 1088 510 1100; x_wconf 88' lang='lat' dir='ltr'>e</span> <span class='ocrx_word' id='word_1_278' title='bbox 518 1081 624 1101; x_wconf 84' lang='lat' dir='ltr'>christianis</span> <span class='ocrx_word' id='word_1_279' title='bbox 631 1082 742 1107; x_wconf 84' lang='lat' dir='ltr'>coniugium</span> <span class='ocrx_word' id='word_1_280' title='bbox 749 1082 833 1101; x_wconf 82' lang='lat' dir='ltr'>audeant</span> 
     </span>
     <span class='ocr_line' id='line_1_36' title="bbox 161 1108 834 1139; baseline 0 -7"><span class='ocrx_word' id='word_1_281' title='bbox 161 1113 210 1132; x_wconf 86' lang='lat' dir='ltr'>civili</span> <span class='ocrx_word' id='word_1_282' title='bbox 225 1114 261 1132; x_wconf 78' lang='lat' dir='ltr'>ritu</span> <span class='ocrx_word' id='word_1_283' title='bbox 275 1114 393 1135; x_wconf 83' lang='lat' dir='ltr'>contrahere,</span> <span class='ocrx_word' id='word_1_284' title='bbox 410 1113 531 1132; x_wconf 85' lang='lat' dir='ltr'>simulacrum</span> <span class='ocrx_word' id='word_1_285' title='bbox 545 1118 638 1132; x_wconf 88' lang='lat' dir='ltr'>conentur</span> <span class='ocrx_word' id='word_1_286' title='bbox 652 1108 736 1139; x_wconf 48' lang='lat' dir='ltr'>coniu&#39;gii</span> <span class='ocrx_word' id='word_1_287' title='bbox 750 1114 834 1139; x_wconf 86' lang='lat' dir='ltr'>fingere,</span> 
     </span>
    </p>
   </div>
  </div>
 </body>
</html>
