915 1302
197 41 215 55 38
309 41 312 44 ·
404 40 429 54 Ex·
439 41 455 55 s.
464 40 584 60 Congu-:gatiam
596 40 658 54 Car-cuit

197 101 247 113 mam
268 95 317 113 circa
336 94 469 113 necessitatem
489 93 519 112 vel
541 100 578 112 non
599 94 717 112 interventus
738 87 867 118 procuratoris

196 125 265 144 fiscalis
283 125 302 144 in
321 125 395 144 iudiciis
413 125 526 146 summariis,
544 125 621 149 quando
639 124 661 143 lis
680 125 748 149 agitari
767 125 867 149 contingat

197 157 246 175 inter
255 156 359 181 paroehum
374 156 452 181 eiusque
462 156 592 175 coadiutorem
602 156 660 174 relate
675 156 699 174 ad
709 156 816 174 huiusmodi
826 156 867 174 iura

197 188 257 207 stolae
271 188 348 207 levioris
358 188 454 209 momenti,
470 193 519 211 quae
530 187 624 212 parochus
638 187 676 205 iam
686 187 704 205 in
715 181 798 205 fabricae
807 186 867 205 ecele-

196 220 236 238 siae
250 219 362 244 paroehialis
372 219 506 243 compendium
520 219 582 240 vertit,
593 225 676 243 sequens
685 218 763 237 dubium
773 224 809 243 pro
818 218 867 237 solu-

196 251 248 270 tione
263 257 370 275 proponere
385 250 479 269 humiliter
493 250 571 271 censuit,
587 250 671 268 scilieet:

236 282 272 301 An
286 282 312 300 sit
321 282 425 300 necessaria
429 282 539 306 praesentia
549 281 663 305 promatoris
669 281 746 306 fiscalis
760 281 781 299 in
796 281 867 299 iudicio

172 331 174 333 .
196 314 306 334 summario,
316 313 389 338 quaudo
400 313 495 337 parochus
500 315 538 337 per
549 313 631 336 seipsum
643 312 730 336 defendat
743 313 774 330 vel
785 310 868 330 vindicet

192 347 295 369 proventus
308 351 332 363 ex
342 344 417 362 iuribus
431 344 493 365 stolae!
507 350 552 368 quos
561 344 607 362 dum
621 346 679 362 essent
689 344 807 365 controversi,
818 344 867 362 idem

192 376 287 400 parochus
301 375 415 400 applicuerit
421 374 510 399 fizbricac
523 375 606 393 ccclesiae
617 375 740 399 parochialis.

237 406 390 426 Deductiones
414 406 527 426 advocati.
553 406 591 429 Qui
612 406 675 424 euriae
701 406 867 425 Santanderiensis
880 425 883 428 ,

197 442 261 462 partes
280 438 321 462 agit
339 444 363 456 ex
381 437 449 462 triplici
469 437 531 462 capite
549 437 688 455 excludendam
708 443 750 456 esse
768 438 868 456 contendit

197 469 329 487 necessitatem
344 469 462 487 interventus
476 469 603 493 procuratoris
618 468 687 487 fiscalis
702 468 720 486 in
734 469 785 487 dieto
796 469 868 487 iudicio

196 500 303 521 summario,
315 506 383 524 nempe
398 500 417 524 1)
427 506 451 518 ex
462 504 529 518 natura
543 499 602 523 ipsius
616 499 679 518 iudicii
690 500 799 520 summaria;
811 500 833 524 2)
843 506 867 518 ex

197 536 264 550 natura
278 531 334 549 officii
353 531 412 555 ipsius
429 531 545 555 promotoris
563 530 641 551 fiscalis:
657 531 680 555 j)
695 537 720 549 ex
739 534 806 549 natura
825 531 867 555 ipsa

196 563 253 581 officii
263 562 381 587 parochialis,
392 569 435 580 curn
449 562 544 586 parochus
553 562 577 580 sit
591 562 732 581 administrator
745 566 764 580 et
778 562 867 580 defensor

197 598 253 612 natus
267 594 348 612 fabricae
363 600 408 612 suae
423 594 519 612 ecclesiae.

236 625 268 643 Ad
283 625 363 649 primum
374 626 437 649 itaque
452 629 509 649 caput
518 625 612 644 accedens
627 626 718 650 expendit
729 625 788 650 ipsius
803 626 867 644 iudicii

196 661 288 678 naturam,
304 657 355 681 quod
369 656 450 681 duplicis
464 656 535 681 speciei
549 657 675 675 communiter
692 661 800 676 recensetur
814 657 867 676 iuxta

195 687 252 706 ritum
266 691 286 706 et
301 688 379 706 sormam
394 688 412 706 in
427 694 451 706 eo
465 692 570 706 servatam:
591 688 641 706 aliud
659 694 728 712 nempe
744 692 774 706 est
792 688 867 707 ordina-

177 731 181 734 «
195 719 244 737 rium
258 723 278 737 et
287 719 364 743 plenum
378 719 396 737 in
411 725 449 743 quo
465 725 533 743 nempe
543 723 642 737 servantur
656 725 723 737 omnes
735 719 867 738 solemnitates

195 750 235 768 sive
249 756 261 768 a
275 750 315 768 iure
329 750 411 774 positivo
421 750 509 768 inductae
520 750 559 768 sive
569 756 580 769 a
591 750 676 772 naturali,
692 754 711 768 et
720 750 771 769 aliud
782 755 867 769 extraor-

196 781 289 800 dinarium
304 787 337 799 seu
351 782 473 800 summarium
490 781 519 799 vel
537 782 687 803 oeconomicum,
702 782 721 808 jn
740 788 778 806 quo
792 786 866 800 tanturn

196 819 219 831 ea
236 813 298 831 locum
317 812 389 831 habent
409 819 458 837 quae
472 819 484 831 a
502 812 541 831 iure
560 812 644 831 naturali·
658 813 766 837 exiguntur,
785 813 867 831 caeteris

196 844 271 863 omissis
288 844 439 862 solemnitatibus
459 844 535 869 positivi
553 844 604 862 iuris.
625 844 680 864 Nam.
699 841 719 862 ut
736 844 762 862 ait
778 844 867 862 Maschat

195 875 268 899 (Instit.
284 881 331 896 can„
346 875 377 893 lib.
393 881 411 896 2,
428 875 457 893 tit.
473 881 489 895 ι,
508 878 550 893 nota
564 878 590 898 2),
614 875 722 893 «iudicium
741 875 805 900 quoad
824 876 866 894 sub-

195 906 284 924 stantiam
298 906 399 925 descendit
412 912 436 924 ex
451 907 491 924 iure
501 906 587 927 naturali,
602 907 652 931 quod
663 906 722 925 dicmt
735 907 754 925 in
770 907 866 931 republica

195 937 265 955 debete
279 944 322 956 esse
336 937 408 961 aliquas
422 943 515 962 personas
529 937 620 961 publicas.
635 944 685 962 quae
699 937 818 962 litigantibus
838 938 866 956 ius

194 968 264 989 dicant,
280 975 303 987 ne
318 975 387 987 causae
402 975 435 993 per
449 969 558 987 violentiam
569 968 686 987 dirimantur.
702 969 729 987 At
743 969 807 993 quoad
819 969 866 987 sole>

194 1000 288 1021 mnitates,
304 1000 393 1018 iudicium
407 1004 437 1018 est
451 1004 537 1018 creatura
551 1000 597 1018 iuris
611 1000 670 1018 civilis
684 1004 704 1018 et
718 1000 810 1021 canonici¹
821 1000 865 1025 quia

195 1031 325 1050 solemnitates
343 1032 390 1049 istae
409 1031 498 1050 inventae
514 1035 558 1050 sunt
577 1037 588 1049 a
603 1031 643 1050 iure
659 1032 708 1050 civili
725 1031 744 1050 et
762 1031 832 1050 deinde
847 1032 865 1050 in

195 1062 223 1080 ius
238 1062 350 1081 canonicum
365 1062 467 1081 translatae
477 1069 495 1080 ».
511 1062 560 1081 Hinc
575 1062 649 1081 ducitur
662 1067 729 1081 natura
744 1063 806 1081 iudicii
817 1069 865 1081 sum-

194 1094 247 1112 marii
263 1098 319 1118 prout
333 1094 458 1112 communiter
472 1094 496 1112 ab
506 1094 616 1113 auctoribus
630 1094 734 1113 canonistis
748 1095 797 1113 tradi
810 1094 864 1114 solet.
