915 1302
381 60 445 75 Ρῑωεη.
727 61 746 79 4⁵

358 117 463 135 PISCIEN.

269 158 424 172 msrsnslmoms
439 159 557 172 narmuouu

76 196 192 214 Conceditur
203 197 326 218 dispensatio
340 197 459 214 matrimonii
470 197 509 214 rati
524 198 544 214 et
560 202 599 214 non
613 198 747 218 consummati,

119 224 203 244 praevia
211 224 316 241 sanatione
323 228 383 245 super
394 223 469 241 delectu
475 224 604 245 delegationis
615 225 747 245 Apostolum.

116 268 280 293 Compendium
293 268 355 289 facti.
374 268 394 287 In
411 269 494 293 quadam
508 268 589 287 ecclesia
607 269 701 288 dioecesis
720 269 748 287 Pi-

75 299 155 318 sciensis
165 300 195 318 die
211 301 235 318 26
246 300 294 318 Nov.
307 306 356 323 1904
375 300 394 318 T
392 300 440 318 ilius
449 300 477 318 N.
493 306 535 318 eum
552 300 600 319 Cuia
609 300 637 319 N.
653 300 748 319 matrimo-

75 331 127 349 nium
142 331 188 350 iniit
204 331 252 350 Caia
265 338 311 350 vero
330 337 379 356 quae
393 331 431 350 iam
445 335 502 350 antea
516 338 559 350 cum
570 332 653 356 quodam
664 332 748 356 Sempro-

75 363 106 380 nio
115 362 143 380 Ν.
159 362 243 381 illicitum
252 362 325 381 foverat
334 369 425 384 amorem,
436 363 460 381 ab
470 369 531 387 eoque
542 363 614 387 prolem
631 363 746 387 suseeperat,

74 399 118 411 eum
135 393 204 412 frustra
218 398 345 418 pertenuisset
360 398 380 412 nt
393 394 429 412 iste
443 395 525 418 seipsam
540 394 559 412 in
573 400 653 413 uxorem
663 394 746 416 duceret,

75 430 110 443 suo
120 424 263 449 quodammodo
274 425 342 444 honori
356 425 468 444 consulendi
482 431 545 446 causa,
561 425 636 444 nonnisi
650 431 709 450 aegre
723 425 747 444 ad

75 456 217 474 matrimonium
226 456 377 475 contrahendum
391 462 434 475 cum
447 456 500 475 Titio
514 456 591 475 inducta
601 456 657 475 fuisse
667 456 747 476 videtur.

116 486 159 505 Hoc
174 491 238 505 tamen
247 487 300 509 inito,
311 487 410 512 coniuges,
420 487 555 506 comitantibus
564 487 681 512 parentibus,
692 493 748 512 spon-

75 524 109 536 sae
123 518 201 536 domum
216 517 317 543 petierunt,
332 519 395 543 ibique
410 525 476 540 coena,
491 518 533 537 aliis
547 518 667 537 adstantibus
685 518 748 537 convi-

75 549 109 571 vis,
126 553 204 574 peracta
217 554 253 568 est.
269 550 372 574 Nunquam
387 554 451 568 autem
466 549 521 568 simul
536 550 554 568 in
569 549 638 568 eodem
652 549 694 568 loco
704 556 747 568 con-

75 580 157 601 venisse.
173 587 208 599 nec
222 581 258 599 sub
272 581 342 599 eodem
356 585 407 600 tecto
421 581 542 600 cohabitasse
556 581 655 602 videntur:
671 581 709 599 imo
719 587 748 599 se-

74 612 152 636 quentis
166 611 204 630 diei
219 618 279 633 mane.
295 616 316 630 ut
329 616 389 630 testes
403 612 491 633 referunt,
507 618 583 636 sponsa,
595 612 640 636 quin
653 612 748 631 matrimo-

75 643 128 661 nium
143 649 186 661 cum
200 643 287 668 legitimo
301 649 374 668 sponso
390 644 561 666 §onsummaverin
580 643 645 668 sugam
663 643 746 668 arripuit.

75 678 133 698 atque
148 674 198 698 apud
213 674 318 698 praefatum
333 674 467 699 Sempronium
481 681 524 693 sese
538 674 625 696 eontulit,
647 681 690 693 cum
709 681 747 699 quo

75 706 93 724 in
101 710 206 730 posterum,
215 706 264 724 civili
272 706 393 725 matrimonio
400 706 452 728 inito,
461 712 582 725 communem
592 706 650 725 vitam
660 707 745 725 instituit.

115 737 192 755 Exinde
206 737 253 756 Caia
267 742 288 756 ut
302 744 348 756 suae
362 737 490 756 conscientiae
500 738 613 759 consuleret,
624 738 747 757 Ordinarium

76 768 128 789 adiit,
144 768 237 792 petiitque
252 772 272 787 ut
286 775 340 787 suum
355 769 496 787 matrimonium
507 775 549 787 cum
559 769 612 788 Titio
622 773 746 791 contractum,

76 803 143 824 utpote
158 805 196 818 non
210 804 369 821 consummatum,
384 800 497 824 Apostolica
510 800 652 824 dispensatione
667 800 748 819 solvere-

76 834 111 849 tur.
127 830 181 849 idem
195 830 308 855 Episcopus,
325 831 375 849 nulla
389 831 501 855 praehabita
514 831 534 851 S.
549 831 604 850 Sedis
618 831 746 856 delegatione,

76 868 188 886 processum
203 862 287 883 instituit,
302 869 341 887 quo
355 862 437 887 expleto,
449 867 492 881 acta
501 863 525 881 ad
536 862 554 881 S.
566 863 588 881 C.
599 862 679 881 Concilii
688 867 747 881 trans-

78 893 133 914 misit,
149 893 216 912 sedulo
230 893 317 914 oratricis
336 894 447 918 petitionem
466 900 501 918 pro
518 894 667 918 dispensationis
685 894 747 918 gratia

77 924 181 943 obtinenda
196 925 337 943 commendans.

117 955 219 976 Dubium.
233 956 269 974 An
278 956 304 974 sil
308 956 446 981 praestandum
457 956 519 975 SSrho
527 956 627 975 consilium
632 959 669 981 pro
676 956 748 980 dispan-

77 987 146 1005 sait'one
160 994 173 1005 a
186 987 307 1006 matrimonio
321 990 362 1006 rato
376 991 393 1006 ct
407 994 443 1006 non
456 991 580 1006 caman-mata
595 988 616 1006 in
630 994 679 1007 casu.

117 1018 244 1038 Resolutio.
256 1018 314 1037 Sacra
325 1019 398 1044 Congr.
408 1019 495 1040 Coneilii,
505 1019 594 1037 omnibus
601 1019 700 1043 perpensis
710 1025 747 1037 una

78 1055 119 1067 curn
134 1049 254 1068 consultoris
268 1054 313 1068 voto
327 1054 347 1068 et
365 1050 561 1069 animadversionibus
580 1050 691 1069 Desensoris
709 1050 748 1068 vin-

79 1079 113 1098 culi
120 1086 145 1099 εκ
152 1080 216 1099 officio
224 1081 261 1105 (1),
271 1080 303 1099 die
315 1087 339 1104 24
347 1081 461 1100 Novembris
472 1083 520 1106 1906
532 1081 648 1106 respondere
657 1086 699 1099 rata
710 1085 746 1099 est:

117 1131 137 1148 (ι)
148 1130 198 1144 Sunius
208 1130 274 1144 ducimus
285 1130 313 1144 hoc
324 1130 339 1144 in
349 1134 383 1144 casu
394 1130 454 1149 aliisque
465 1130 535 1144 similibus
546 1130 560 1144 in
571 1130 643 1144 adiunctis
652 1130 719 1144 omittere
726 1130 747 1144 di-

80 1154 181 1172 scaepmionem
192 1159 248 1172 causae,
259 1159 304 1173 quum
315 1158 366 1173 agatur
376 1155 394 1169 de
405 1159 420 1168 re
429 1154 504 1169 communi
511 1159 528 1169 ιε
536 1159 561 1173 per
569 1159 584 1169 se
592 1155 640 1173 plant.
651 1155 689 1169 Sane
697 1154 747 1169 incon-
