915 1302
230 61 255 75 Ex
266 61 281 75 S,
291 61 347 80 Congr.
358 61 374 74 S.
381 60 400 74 R.
411 63 425 74 ιι
434 60 451 75 U,
463 60 561 79 Inquisitiam's
704 60 731 78 ¹³9

62 114 126 133 Leone
133 115 178 133 XIII
193 115 281 133 omnibus
296 115 402 134 Ordinariis
411 115 497 134 concessi
506 115 537 133 die
548 121 573 133 20
583 115 639 134 Febr.
650 121 667 133 a.
681 116 730 134 1888

60 147 123 171 quoad
138 147 288 168 concubinarios,
303 153 384 172 quorum
399 153 448 165 unus
461 151 547 165 versatur
556 147 574 165 in
585 147 669 171 periculo
684 153 732 165 mor-

60 178 84 196 tis
97 178 147 196 adeo
161 181 187 199 ut.
202 178 221 196 vi
236 178 344 202 praedictae
359 177 458 199 faeulmtis‚
473 178 565 202 Episcopi
575 183 643 196 sanare
656 177 733 196 valeant

61 209 79 227 in
93 209 158 228 radice
171 209 237 227 omnia
251 209 371 228 matrimonia
385 215 420 233 pro
434 209 503 233 quibus
517 208 584 233 reliqui
598 208 730 227 ordinarii-fa-

60 240 149 259 cultatem
164 241 235 259 habent
249 240 354 265 simplicem
369 240 487 259 concedendi
502 240 672 264 dispensationem,
688 246 731 264 sup-

60 272 123 296 posito
134 272 198 296 utique
212 272 264 296 quod
279 272 330 290 adsit
343 272 417 296 species
431 278 465 290 seu
480 271 541 296 figura
555 271 649 296 quaedam
669 271 731 290 matri-

61 303 125 322 monii.

100 341 117 353 2.
134 335 185 359 Quid
200 338 267 353 exacte
282 334 426 359 intelligendum
437 338 466 353 est
476 340 510 358 per
519 340 577 353 voces
589 334 640 352 Pars
650 334 731 352 innoxia

59 370 78 384 et
87 368 138 389 pars
149 366 221 384 conscia
235 365 378 389 impedimenti?
393 365 456 384 Facile
470 365 547 389 quidem
562 371 607 383 usus
619 364 731 390 intelligitur

59 396 152 415 facultatis
169 403 205 421 pro
224 403 268 415 casu
287 403 325 421 quu
344 396 485 415 matrimonium
506 396 603 421 quoddam
622 396 693 415 nullum
712 399 737 415 et·

59 428 132 446 irritum
146 428 215 446 existat
228 428 254 446 ob
268 427 424 452 impedimentum
439 427 536 446 affinitatis
550 433 574 446 ex
588 427 657 452 copula
667 427 731 446 illicita

59 459 93 478 soli
108 460 157 484 parti
175 465 219 478 reae
239 460 286 484 (non
300 459 390 477 innoxiae
404 463 427 477 et·
437 459 492 477 simul
510 459 607 483 consciae)
625 459 730 484 cognitum.

59 491 86 509 At
99 494 177 515 praeter
190 491 240 509 hunc
255 497 325 511 casum,
341 490 389 509 alios
403 491 461 509 etiarn
479 490 557 514 reperiri
576 490 594 508 in
612 490 690 514 quibus.
705 496 730 509 ex

60 527 124 540 mente
138 522 156 540 h.
172 522 226 546 Supr.
238 522 310 547 Congr.
321 521 374 540 locus
384 522 408 540 sit
418 522 459 540 usui
470 521 568 543 facultatis,
579 521 609 540 vel
619 528 643 540 ex
653 528 677 540 eo
688 521 730 540 solo

60 557 112 577 patet
120 553 171 577 quod
179 553 274 571 Sanctitas
280 553 349 571 Vestra
357 553 461 571 rescribere
468 553 548 577 dignata
555 557 585 572 est
593 553 645 571 Illmo
653 557 673 571 et
680 553 729 571 Rmo

60 584 82 602 D.
98 584 122 602 G.
139 584 196 603 Elder
210 584 362 608 Archiepiscopo
379 583 521 606 Cincinnatensi
539 584 558 604 d.
576 590 601 602 20
615 584 662 602 Iunii
680 585 728 607 1892

59 621 92 639 pro
107 615 245 639 impedimento
259 615 375 639 disparitatis
390 614 460 636 cultus:
477 615 527 634 unde
541 615 618 634 ulterius
633 619 695 640 petet:

99 653 117 670 3.
133 646 201 665 Utrum
215 646 277 665 adhuc
291 647 315 665 sit
329 646 382 665 locus
394 646 488 665 facultatis
497 646 512 665 si
522 647 590 665 ambae
600 647 677 671 quidem
690 653 730 671 par-

58 681 86 696 tes
100 682 221 703 cognoscunt
236 677 341 697 nullitatem
356 678 476 699 matrimonii,
492 678 525 696 sed
540 684 577 696 una
587 685 651 697 earum
661 678 730 697 adduci

59 715 95 727 non
111 713 175 733 potest
189 709 212 728 ad
227 709 359 727 renovandum
373 715 496 730 consensum;
516 710 567 731 item,
582 709 602 728 si
617 710 685 728 ambae
699 710 730 728 hic

58 744 77 758 et
91 746 141 758 nunc
155 746 198 759 eam
212 741 308 765 ignorant,
323 740 428 759 dummodo
442 745 510 765 postea
524 747 562 759 una
572 747 616 765 pars
630 745 730 759 moneatur

59 771 82 789 de
96 772 195 790 sanatione
210 772 289 790 obtenta
303 772 381 795 eiusque
395 771 468 790 effectu.

98 809 116 826 4.
132 802 200 821 Utrum
214 803 276 821 valeat
286 803 399 821 Ordinarius
408 809 476 821 sanare
486 803 505 821 in
514 803 578 822 radice
589 803 728 821 matrimonium

59 834 129 852 nullum
145 834 169 852 ob
179 834 310 858 disparitatem
320 834 387 855 cultus,
398 834 475 858 quando
485 834 642 858 impedimentum
652 834 729 858 quidem

60 866 140 887 evanuit.
156 865 190 884 sed
204 865 275 890 gravis-
284 865 339 883 adest
352 865 453 883 difficultas
467 866 570 890 expetendi
585 865 728 884 renovationem

60 902 163 915 consensus
178 896 240 921 prouti
255 896 274 915 in
288 903 333 915 casu
348 896 434 921 sequenti
450 902 511 920 nuper
524 896 611 921 contigit.

99 927 160 946 Maria
174 933 212 945 non
226 927 322 951 baptizata
336 927 371 946 sed
386 932 406 945 ut
420 927 513 946 catholica
527 928 552 945 ab
570 927 658 945 omnibus
676 933 729 952 repu-

60 962 103 980 tata.
120 958 261 977 matrimonium
275 958 294 977 in
309 958 368 977 forma
382 958 495 977 Tridentina
509 959 550 977 iniit
565 965 607 976 curn
621 959 690 976 iuvene
700 964 730 977 ca-

60 990 134 1009 tholico.
149 990 218 1009 Postea
232 996 278 1008 vero
292 991 412 1009 sacerdotem
427 994 502 1008 secreto
517 990 563 1008 adiit
577 990 633 1014 eique
652 996 729 1008 omnem

60 1021 157 1040 veritatem
170 1021 266 1046 patefacit,
281 1022 337 1040 enixe
354 1021 462 1046 efflagitans
482 1025 502 1039 ut
520 1021 584 1040 statim
602 1021 729 1045 baptizaretur

60 1057 79 1070 et
91 1053 168 1077 insuper
181 1059 239 1071 orans
253 1056 274 1071 ut
287 1052 346 1071 altum
365 1057 450 1071 servetur
465 1052 560 1071 silentium
578 1059 642 1071 coram
661 1052 728 1071 marito

61 1084 84 1102 ob
97 1084 163 1109 gravia
177 1083 256 1102 dissidia
270 1083 392 1108 probabiliter
407 1084 478 1102 oritura
492 1090 516 1102 cx
531 1084 683 1102 manifestatione
695 1090 729 1102 ve-

62 1115 124 1133 ritatis.
139 1115 233 1134 Sacerdos
247 1115 297 1133 votis
310 1115 351 1133 eius
365 1115 498 1133 obsecundans
512 1121 555 1133 eam
569 1115 677 1139 baptizavit⁴
696 1114 728 1133 An

62 1146 111 1165 locus
124 1151 154 1165 est
167 1147 262 1165 sanationi
276 1146 379 1168 ineradice,
393 1147 412 1165 vi
426 1146 506 1165 indulti?
559 1140 562 1145 Ἴ
