915 1302
179 55 206 69 ,σο
387 55 412 69 Ex
422 55 437 69 s.
447 55 567 74 Congreganane
576 55 638 70 cor-cm.-

177 109 258 128 civitatis
273 109 367 130 Asnensis.
382 108 461 127 invaluit
478 109 596 128 consuetudo
618 115 714 134 nunquam
735 109 845 134 interrupta.

177 141 212 159 nisi
227 140 311 165 excipias
325 146 396 165 paucos
411 146 466 159 casus
480 140 598 165 gravissimis
608 140 720 165 urgentibus
729 140 798 162 causis,
810 147 847 165 qua

177 171 286 190 coemeterii
300 176 363 190 rector
376 177 410 189 seu
424 171 534 195 capellanus
548 178 582 196 pro
596 175 688 196 tempore.
704 176 747 196 post
760 171 848 196 expletas

177 204 197 222 in
211 203 292 222 ecclesia
306 202 409 227 parochiali
424 203 529 222 functiones
542 203 635 224 funereas.
657 203 750 222 cadavera
771 203 795 222 ab
817 203 847 222 illa

178 235 259 254 ecclesia
276 235 300 253 acl
321 234 416 259 publicum
438 234 573 253 coemeterium
594 235 699 253 comitatur.
722 234 847 254 Consuetudo

178 267 236 285 etiam
250 266 334 286 invaluit.
349 272 387 290 qua
401 265 451 284 idem
466 264 576 290 capellanus
589 265 688 287 cadavera,
703 271 752 290 quae
771 265 848 284 aliunde

178 297 197 315 in
211 297 307 316 civitatem
322 297 425 315 Astensem
439 294 554 318 deferuntur.
569 296 594 315 ad
608 297 674 315 ianuas
688 297 770 316 civitatis
782 297 813 315 vel
823 297 847 316 ad

178 329 279 347 stationem
294 329 337 347 viae
351 329 423 347 ferreae
437 329 505 353 recipit
518 333 538 347 et
551 329 622 353 pariter
636 329 736 347 comitatur
750 329 775 347 ad
784 328 847 348 locum

178 360 302 379 dormitionis.
319 360 380 378 Huius
394 360 475 384 duplicis
489 360 632 378 consuetudinis
647 360 667 378 fit
689 360 759 379 mentio
780 360 799 378 in
821 366 848 379 re-

179 391 269 410 censione
284 397 382 410 munerum
397 391 495 415 capellani,
512 398 560 416 quae
575 391 595 409 fit
609 391 628 410 in
642 392 685 416 ipso
699 395 741 410 actu
756 397 795 416 quo
810 398 848 409 mu-

180 422 270 446 nicipium
284 422 337 441 illum
351 423 440 441 nominat⁴

219 453 240 472 In
254 453 291 472 hoc
306 460 383 472 munere
397 454 507 472 exercendo
520 454 535 472 si
550 454 660 478 capellanus
674 454 764 472 invitatur
785 460 797 472 a
817 453 848 472 de·

179 485 285 504 functorum
301 485 407 504 coniunctis
420 485 500 510 percipit
521 485 670 504 emolumentum
691 485 796 503 libellarum
817 484 848 503 de-

180 523 233 537 cem;
249 517 265 535 si
279 522 325 535 vero
339 517 403 541 agitur
416 516 440 534 de
455 516 548 535 defunctis
562 516 682 541 pauperibus,
704 517 722 534 in
744 522 782 541 quo
804 522 848 534 casu

180 547 231 566 nulla
251 548 272 566 fit
292 547 384 568 invitatio.
407 548 485 566 omnino
505 547 566 572 gratis
586 554 641 566 suum
662 554 731 566 munus
749 547 848 571 impendit.

179 580 279 598 Praeterea
294 579 403 603 capellanus
418 579 525 598 nominatur
539 586 551 598 a
565 579 673 603 municipio,
691 585 702 597 a
723 585 761 603 quo
782 579 849 603 recipit

179 614 237 629 tenue
251 610 367 635 stipendium
381 610 437 629 libell.
454 616 498 634 340.
514 611 532 628 Si
548 610 644 629 amitteret
658 610 687 628 ius
701 609 810 628 associandi
821 616 849 628 ca-

179 641 250 661 davera
264 642 288 661 ab
302 641 387 660 ecclesiis
401 641 538 660 tumulantibus
552 646 572 660 et
585 648 596 660 a
611 641 670 666 portis
682 641 762 660 civitatis
772 641 797 660 ad
807 647 849 660 coe-

180 673 285 695 meterium,
301 674 407 698 privaretur
421 673 478 692 ctiam
493 673 565 692 incerto
579 673 708 692 emolumento
721 673 788 692 decem
799 672 850 691 libel—

180 704 239 723 larum
254 710 289 729 pro
310 711 425 729 unoquoque
446 704 544 726 cadavere,
566 705 645 729 eiusque
666 705 750 723 conditio
771 710 849 729 prorsus

181 735 293 754 miserabilis
306 736 402 757 evaderet,
417 736 462 760 quia
475 736 526 757 dum,
536 736 561 755 ob
571 736 721 754 crebrescentem
732 740 849 755 mortuorum

180 773 285 791 pauperum
300 773 404 789 numerum,
419 771 536 792 augerentur
549 767 625 786 labores
639 771 658 786 et
672 773 735 788 onera,
758 767 850 786 minuere-

180 802 211 816 tur
225 798 323 817 retributio
335 799 364 817 vel
376 805 454 823 prorsus
467 799 550 818 illusoria
564 798 666 820 evaderet:
682 798 781 823 nullusque
800 798 851 817 inve-

181 830 251 848 niretur
265 830 355 849 sacerdos
369 830 400 854 qui
415 836 483 848 munus
497 830 606 849 coemeterii
620 829 712 854 capellani
726 829 784 848 vellet
793 830 851 848 susci-

180 867 238 885 pere;
255 861 340 886 quinimo
355 861 432 880 forsitan
447 862 570 886 municipium
584 862 646 885 ipsum
661 861 744 880 officium
758 861 849 883 aboleret,

180 892 210 911 vel
227 892 295 911 saltem
310 893 328 911 in
347 899 449 917 personam
470 892 537 911 laicam
551 892 666 913 transferret.
688 892 740 917 quod
755 892 851 911 maximae

181 927 233 942 essct
247 924 330 942 iacturae
344 924 422 943 Astensi
436 924 519 942 dioecesi
536 928 555 942 et
569 924 646 943 civitati.

222 955 308 974 Tandem
323 955 399 980 parochi
415 956 444 974 ius
458 955 565 974 associandi
577 955 671 974 cadavera
680 955 704 973 ad
714 955 850 974 coemeterium

182 987 295 1008 reclamant,
310 987 354 1011 quia
368 987 413 1005 illud
427 987 462 1008 ius,
479 991 499 1005 ut
513 993 557 1011 pars
570 986 670 1011 integralis
683 987 729 1005 iuris
743 987 849 1008 funerandi.

182 1024 251 1042 nempe
264 1017 339 1036 levandi
354 1022 374 1036 et
387 1018 494 1037 deducendi
508 1018 563 1037 sunus
572 1018 596 1036 ad
606 1018 705 1037 ecclesiam
715 1018 849 1042 parochialem.

181 1049 206 1067 ab
220 1049 256 1067 hoc
271 1049 336 1074 nequi-t
350 1050 440 1074 disiungi.
455 1049 475 1068 Si
490 1050 516 1068 ita
530 1056 560 1068 res
573 1054 608 1070 est.
624 1049 702 1074 parochi
716 1049 810 1068 deberent
820 1049 851 1068 ad<

182 1080 255 1099 sociare
265 1080 289 1099 ad
299 1081 434 1099 coemeterium
444 1087 482 1105 non
492 1085 565 1099 tantum
575 1081 669 1099 cadavera
678 1081 762 1101 divitum,
774 1080 850 1105 quando

183 1112 251 1136 nempe
266 1112 312 1136 ipsis
326 1112 431 1130 solveretur
444 1112 592 1131 emolumentum
607 1112 674 1130 decern
688 1111 799 1133 libellarum,
817 1111 851 1130 sed
