<?xml version="1.0" encoding="UTF-8"?>
<!DOCTYPE html PUBLIC "-//W3C//DTD XHTML 1.0 Transitional//EN"
    "http://www.w3.org/TR/xhtml1/DTD/xhtml1-transitional.dtd">
<html xmlns="http://www.w3.org/1999/xhtml" xml:lang="en" lang="en">
 <head>
  <title>
</title>
<meta http-equiv="Content-Type" content="text/html;charset=utf-8" />
  <meta name='ocr-system' content='tesseract 3.04.00' />
  <meta name='ocr-capabilities' content='ocr_page ocr_carea ocr_par ocr_line ocrx_word'/>
</head>
<body>
  <div class='ocr_page' id='page_1' title='image "actasanctaesedi05unkngoog_0038.png"; bbox 0 0 915 1302; ppageno 0'>
   <div class='ocr_carea' id='block_1_1' title="bbox 363 67 733 82">
    <p class='ocr_par' dir='ltr' id='par_1_1' title="bbox 363 67 733 82">
     <span class='ocr_line' id='line_1_1' title="bbox 363 67 733 82; baseline -0.003 0"><span class='ocrx_word' id='word_1_1' title='bbox 363 68 438 82; x_wconf 66' lang='lat' dir='ltr'>Murrina.</span> <span class='ocrx_word' id='word_1_2' title='bbox 716 67 723 81; x_wconf 82' lang='lat'>3</span> <span class='ocrx_word' id='word_1_3' title='bbox 726 67 733 81; x_wconf 82' lang='lat'>3</span> 
     </span>
    </p>
   </div>
   <div class='ocr_carea' id='block_1_2' title="bbox 62 91 732 102">
    <p class='ocr_par' dir='ltr' id='par_1_2' title="bbox 62 91 732 102">
     <span class='ocr_line' id='line_1_2' title="bbox 62 91 732 102; baseline 0 0"><span class='ocrx_word' id='word_1_4' title='bbox 62 91 732 102; x_wconf 95' lang='lat' dir='ltr'> </span> 
     </span>
    </p>
   </div>
   <div class='ocr_carea' id='block_1_3' title="bbox 61 121 771 1145">
    <p class='ocr_par' dir='ltr' id='par_1_3' title="bbox 61 121 763 302">
     <span class='ocr_line' id='line_1_3' title="bbox 61 121 735 146; baseline -0.001 -6"><span class='ocrx_word' id='word_1_5' title='bbox 61 128 108 140; x_wconf 88' lang='lat' dir='ltr'>vero</span> <span class='ocrx_word' id='word_1_6' title='bbox 122 122 216 141; x_wconf 84' lang='lat' dir='ltr'>ecclesiae</span> <span class='ocrx_word' id='word_1_7' title='bbox 230 126 332 146; x_wconf 78' lang='lat' dir='ltr'>exemptae</span> <span class='ocrx_word' id='word_1_8' title='bbox 346 122 384 140; x_wconf 85' lang='lat' dir='ltr'>sint</span> <span class='ocrx_word' id='word_1_9' title='bbox 398 121 521 146; x_wconf 73' lang='lat' dir='ltr'>regulares.,.,</span> <span class='ocrx_word' id='word_1_10' title='bbox 540 125 573 140; x_wconf 88' lang='lat' dir='ltr'>aut</span> <span class='ocrx_word' id='word_1_11' title='bbox 590 121 676 139; x_wconf 83' lang='lat' dir='ltr'>imminet</span> <span class='ocrx_word' id='word_1_12' title='bbox 690 127 735 140; x_wconf 82' lang='lat' dir='ltr'>cura</span> 
     </span>
     <span class='ocr_line' id='line_1_4' title="bbox 62 152 736 178; baseline -0.001 -6"><span class='ocrx_word' id='word_1_13' title='bbox 62 153 169 172; x_wconf 87' lang='lat' dir='ltr'>animarum</span> <span class='ocrx_word' id='word_1_14' title='bbox 184 159 308 178; x_wconf 80' lang='lat' dir='ltr'>personarum</span> <span class='ocrx_word' id='word_1_15' title='bbox 323 152 447 172; x_wconf 84' lang='lat' dir='ltr'>saecularium</span> <span class='ocrx_word' id='word_1_16' title='bbox 461 157 495 171; x_wconf 89' lang='lat' dir='ltr'>aut</span> <span class='ocrx_word' id='word_1_17' title='bbox 509 159 552 171; x_wconf 88' lang='lat' dir='ltr'>non.</span> <span class='ocrx_word' id='word_1_18' title='bbox 568 152 588 171; x_wconf 87' lang='lat' dir='ltr'>Si</span> <span class='ocrx_word' id='word_1_19' title='bbox 603 152 694 174; x_wconf 85' lang='lat' dir='ltr'>imminet,</span> <span class='ocrx_word' id='word_1_20' title='bbox 709 152 736 171; x_wconf 81' lang='lat' dir='ltr'>vi—</span> 
     </span>
     <span class='ocr_line' id='line_1_5' title="bbox 61 184 735 209; baseline -0.001 -6"><span class='ocrx_word' id='word_1_21' title='bbox 61 184 114 203; x_wconf 77' lang='lat' dir='ltr'>sitari</span> <span class='ocrx_word' id='word_1_22' title='bbox 129 189 210 209; x_wconf 84' lang='lat' dir='ltr'>possunt</span> <span class='ocrx_word' id='word_1_23' title='bbox 224 184 250 203; x_wconf 64' lang='lat' dir='ltr'>al:-&gt;</span> <span class='ocrx_word' id='word_1_24' title='bbox 263 184 366 203; x_wconf 73' lang='lat' dir='ltr'>Ordinatio</span> <span class='ocrx_word' id='word_1_25' title='bbox 380 184 495 203; x_wconf 86' lang='lat' dir='ltr'>dioecesano</span> <span class='ocrx_word' id='word_1_26' title='bbox 510 184 528 202; x_wconf 88' lang='lat' dir='ltr'>in</span> <span class='ocrx_word' id='word_1_27' title='bbox 542 184 572 202; x_wconf 83' lang='lat' dir='ltr'>his</span> <span class='ocrx_word' id='word_1_28' title='bbox 586 188 670 205; x_wconf 83' lang='lat' dir='ltr'>tantum.</span> <span class='ocrx_word' id='word_1_29' title='bbox 686 189 735 208; x_wconf 89' lang='lat' dir='ltr'>quae</span> 
     </span>
     <span class='ocr_line' id='line_1_6' title="bbox 62 215 736 234; baseline -0.001 0"><span class='ocrx_word' id='word_1_30' title='bbox 62 222 127 234; x_wconf 88' lang='lat' dir='ltr'>curam</span> <span class='ocrx_word' id='word_1_31' title='bbox 142 216 248 234; x_wconf 87' lang='lat' dir='ltr'>animarum</span> <span class='ocrx_word' id='word_1_32' title='bbox 258 220 277 234; x_wconf 85' lang='lat' dir='ltr'>et</span> <span class='ocrx_word' id='word_1_33' title='bbox 291 219 452 234; x_wconf 82' lang='lat' dir='ltr'>sacramentorum</span> <span class='ocrx_word' id='word_1_34' title='bbox 467 215 650 234; x_wconf 79' lang='lat' dir='ltr'>administrationem</span> <span class='ocrx_word' id='word_1_35' title='bbox 660 221 736 233; x_wconf 85' lang='lat' dir='ltr'>concer-</span> 
     </span>
     <span class='ocr_line' id='line_1_7' title="bbox 62 245 736 271; baseline -0.001 -6"><span class='ocrx_word' id='word_1_36' title='bbox 62 251 110 265; x_wconf 91' lang='lat' dir='ltr'>nunt</span> <span class='ocrx_word' id='word_1_37' title='bbox 118 254 142 268; x_wconf 85' lang='lat'>;...</span> <span class='ocrx_word' id='word_1_38' title='bbox 158 247 173 265; x_wconf 87' lang='lat' dir='ltr'>si</span> <span class='ocrx_word' id='word_1_39' title='bbox 187 253 234 271; x_wconf 60' lang='lat' dir='ltr'>vero</span> <span class='ocrx_word' id='word_1_40' title='bbox 248 253 293 265; x_wconf 72' lang='lat' dir='ltr'>cum</span> <span class='ocrx_word' id='word_1_41' title='bbox 307 247 412 265; x_wconf 78' lang='lat' dir='ltr'>animarum</span> <span class='ocrx_word' id='word_1_42' title='bbox 430 252 468 265; x_wconf 85' lang='lat' dir='ltr'>non</span> <span class='ocrx_word' id='word_1_43' title='bbox 487 246 594 267; x_wconf 79' lang='lat' dir='ltr'>immineat,</span> <span class='ocrx_word' id='word_1_44' title='bbox 613 245 664 264; x_wconf 89' lang='lat' dir='ltr'>nullo</span> <span class='ocrx_word' id='word_1_45' title='bbox 678 246 736 264; x_wconf 88' lang='lat' dir='ltr'>modo</span> 
     </span>
     <span class='ocr_line' id='line_1_8' title="bbox 62 276 763 302; baseline -0.001 -6"><span class='ocrx_word' id='word_1_46' title='bbox 62 282 144 302; x_wconf 81' lang='lat' dir='ltr'>possunt</span> <span class='ocrx_word' id='word_1_47' title='bbox 158 278 182 296; x_wconf 92' lang='lat' dir='ltr'>ab</span> <span class='ocrx_word' id='word_1_48' title='bbox 196 278 294 302; x_wconf 79' lang='lat' dir='ltr'>Episcopo</span> <span class='ocrx_word' id='word_1_49' title='bbox 303 278 374 296; x_wconf 75' lang='lat' dir='ltr'>visitari</span> <span class='ocrx_word' id='word_1_50' title='bbox 384 285 402 297; x_wconf 70' lang='grc' dir='ltr'>ι.</span> <span class='ocrx_word' id='word_1_51' title='bbox 418 277 455 296; x_wconf 77' lang='lat' dir='ltr'>Cfr.</span> <span class='ocrx_word' id='word_1_52' title='bbox 467 277 545 296; x_wconf 86' lang='lat' dir='ltr'>Berardi</span> <span class='ocrx_word' id='word_1_53' title='bbox 556 277 595 300; x_wconf 68' lang='lat' dir='ltr'>(lot,</span> <span class='ocrx_word' id='word_1_54' title='bbox 608 277 646 297; x_wconf 70' lang='lat' dir='ltr'>cit„</span> <span class='ocrx_word' id='word_1_55' title='bbox 658 279 697 301; x_wconf 69' lang='lat' dir='ltr'>tap.</span> <span class='ocrx_word' id='word_1_56' title='bbox 705 276 735 301; x_wconf 84' lang='lat'>5).</span> <span class='ocrx_word' id='word_1_57' title='bbox 760 284 763 286; x_wconf 55' lang='lat'><em>⁷</em></span> 
     </span>
    </p>

    <p class='ocr_par' dir='ltr' id='par_1_4' title="bbox 62 308 738 395">
     <span class='ocr_line' id='line_1_9' title="bbox 104 308 736 333; baseline -0.003 -4"><span class='ocrx_word' id='word_1_58' title='bbox 104 308 182 329; x_wconf 80' lang='lat' dir='ltr'>Dubia.</span> <span class='ocrx_word' id='word_1_59' title='bbox 197 309 210 327; x_wconf 84' lang='grc' dir='ltr'>Ι.</span> <span class='ocrx_word' id='word_1_60' title='bbox 225 309 262 327; x_wconf 74' lang='lat' dir='ltr'>An</span> <span class='ocrx_word' id='word_1_61' title='bbox 274 309 348 327; x_wconf 65' lang='lat' dir='ltr'>ecclesia</span> <span class='ocrx_word' id='word_1_62' title='bbox 361 308 436 327; x_wconf 73' lang='lat' dir='ltr'>adnexa</span> <span class='ocrx_word' id='word_1_63' title='bbox 452 309 505 333; x_wconf 71' lang='lat' dir='ltr'>regio</span> <span class='ocrx_word' id='word_1_64' title='bbox 521 309 632 327; x_wconf 64' lang='lat' dir='ltr'>monastmb</span> <span class='ocrx_word' id='word_1_65' title='bbox 647 309 667 327; x_wconf 85' lang='lat' dir='ltr'>S.</span> <span class='ocrx_word' id='word_1_66' title='bbox 685 308 736 327; x_wconf 70' lang='lat' dir='ltr'>Lau-</span> 
     </span>
     <span class='ocr_line' id='line_1_10' title="bbox 62 339 738 365; baseline -0.001 -7"><span class='ocrx_word' id='word_1_67' title='bbox 62 340 124 358; x_wconf 78' lang='lat' dir='ltr'>rentii</span> <span class='ocrx_word' id='word_1_68' title='bbox 136 340 192 365; x_wconf 76' lang='lat' dir='ltr'>vulgo</span> <span class='ocrx_word' id='word_1_69' title='bbox 206 340 237 359; x_wconf 87' lang='lat' dir='ltr'>del</span> <span class='ocrx_word' id='word_1_70' title='bbox 246 339 331 358; x_wconf 84' lang='lat' dir='ltr'>Eseorial</span> <span class='ocrx_word' id='word_1_71' title='bbox 341 340 367 358; x_wconf 78' lang='lat' dir='ltr'>sit</span> <span class='ocrx_word' id='word_1_72' title='bbox 375 341 459 364; x_wconf 73' lang='lat' dir='ltr'>ex&#39;empta</span> <span class='ocrx_word' id='word_1_73' title='bbox 469 346 481 358; x_wconf 85' lang='lat' dir='ltr'><em>a</em></span> <span class='ocrx_word' id='word_1_74' title='bbox 491 339 621 358; x_wconf 65' lang='lat' dir='ltr'>iurisdictione</span> <span class='ocrx_word' id='word_1_75' title='bbox 632 339 738 358; x_wconf 67' lang='lat' dir='ltr'>Ordinariz·</span> 
     </span>
     <span class='ocr_line' id='line_1_11' title="bbox 63 371 467 395; baseline 0 -6"><span class='ocrx_word' id='word_1_76' title='bbox 63 372 85 389; x_wconf 75' lang='lat' dir='ltr'>in</span> <span class='ocrx_word' id='word_1_77' title='bbox 99 378 149 390; x_wconf 77' lang='lat' dir='ltr'>casu.</span> <span class='ocrx_word' id='word_1_78' title='bbox 164 382 191 385; x_wconf 97' lang='lat'><strong>—</strong></span> <span class='ocrx_word' id='word_1_79' title='bbox 205 371 230 389; x_wconf 87' lang='lat' dir='ltr'>Et</span> <span class='ocrx_word' id='word_1_80' title='bbox 243 375 338 395; x_wconf 82' lang='lat' dir='ltr'>quatenus</span> <span class='ocrx_word' id='word_1_81' title='bbox 347 371 467 390; x_wconf 83' lang='lat' dir='ltr'>affirmative:</span> 
     </span>
    </p>

    <p class='ocr_par' dir='ltr' id='par_1_5' title="bbox 62 402 764 457">
     <span class='ocr_line' id='line_1_12' title="bbox 104 402 764 426; baseline -0.002 -5"><span class='ocrx_word' id='word_1_82' title='bbox 104 403 126 421; x_wconf 88' lang='grc' dir='ltr'>Π.</span> <span class='ocrx_word' id='word_1_83' title='bbox 142 403 162 421; x_wconf 84' lang='grc' dir='ltr'><em>Α</em></span> <span class='ocrx_word' id='word_1_84' title='bbox 165 409 178 420; x_wconf 81' lang='lat' dir='ltr'><em>n</em></span> <span class='ocrx_word' id='word_1_85' title='bbox 191 402 253 421; x_wconf 72' lang='lat' dir='ltr'>eadem</span> <span class='ocrx_word' id='word_1_86' title='bbox 262 403 337 421; x_wconf 71' lang='lat' dir='ltr'>ecclesia</span> <span class='ocrx_word' id='word_1_87' title='bbox 345 403 372 421; x_wconf 79' lang='lat' dir='ltr'>sit</span> <span class='ocrx_word' id='word_1_88' title='bbox 381 402 461 421; x_wconf 76' lang='lat' dir='ltr'>subiecta</span> <span class='ocrx_word' id='word_1_89' title='bbox 466 402 565 426; x_wconf 78' lang='lat' dir='ltr'>pastorali</span> <span class='ocrx_word' id='word_1_90' title='bbox 572 402 681 420; x_wconf 79' lang='lat' dir='ltr'>visitationi</span> <span class='ocrx_word' id='word_1_91' title='bbox 691 402 736 426; x_wconf 75' lang='lat' dir='ltr'>Epi-</span> <span class='ocrx_word' id='word_1_92' title='bbox 759 404 764 407; x_wconf 86' lang='lat'>&#39;</span> 
     </span>
     <span class='ocr_line' id='line_1_13' title="bbox 62 434 211 457; baseline 0.007 -5"><span class='ocrx_word' id='word_1_93' title='bbox 62 434 113 457; x_wconf 73' lang='lat' dir='ltr'>stopi</span> <span class='ocrx_word' id='word_1_94' title='bbox 126 434 147 451; x_wconf 86' lang='lat' dir='ltr'>in</span> <span class='ocrx_word' id='word_1_95' title='bbox 161 440 211 453; x_wconf 76' lang='lat' dir='ltr'><em>cusu.</em></span> 
     </span>
    </p>

    <p class='ocr_par' dir='ltr' id='par_1_6' title="bbox 64 464 737 521">
     <span class='ocr_line' id='line_1_14' title="bbox 104 464 737 489; baseline -0.003 -5"><span class='ocrx_word' id='word_1_96' title='bbox 104 464 276 485; x_wconf 80' lang='lat' dir='ltr'>Resolutiones.</span> <span class='ocrx_word' id='word_1_97' title='bbox 291 464 349 483; x_wconf 83' lang='lat' dir='ltr'>Sacra</span> <span class='ocrx_word' id='word_1_98' title='bbox 364 465 435 489; x_wconf 85' lang='lat' dir='ltr'>Congr.</span> <span class='ocrx_word' id='word_1_99' title='bbox 448 464 487 483; x_wconf 83' lang='lat' dir='ltr'>EE.</span> <span class='ocrx_word' id='word_1_100' title='bbox 498 468 518 483; x_wconf 82' lang='lat' dir='ltr'>et</span> <span class='ocrx_word' id='word_1_101' title='bbox 526 464 566 483; x_wconf 84' lang='lat' dir='ltr'>RR.</span> <span class='ocrx_word' id='word_1_102' title='bbox 581 464 599 482; x_wconf 92' lang='lat' dir='ltr'>in</span> <span class='ocrx_word' id='word_1_103' title='bbox 615 464 737 489; x_wconf 79' lang='lat' dir='ltr'>generalibus</span> 
     </span>
     <span class='ocr_line' id='line_1_15' title="bbox 64 495 735 521; baseline -0.001 -7"><span class='ocrx_word' id='word_1_104' title='bbox 64 495 147 514; x_wconf 83' lang='lat' dir='ltr'>comitiis</span> <span class='ocrx_word' id='word_1_105' title='bbox 160 495 198 514; x_wconf 84' lang='lat' dir='ltr'>diei</span> <span class='ocrx_word' id='word_1_106' title='bbox 216 495 300 521; x_wconf 37' lang='lat' dir='ltr'>18¹Maii</span> <span class='ocrx_word' id='word_1_107' title='bbox 317 497 376 518; x_wconf 82' lang='lat'><em>1906,</em></span> <span class='ocrx_word' id='word_1_108' title='bbox 391 502 411 514; x_wconf 85' lang='lat' dir='ltr'>re</span> <span class='ocrx_word' id='word_1_109' title='bbox 427 495 494 514; x_wconf 84' lang='lat' dir='ltr'>sedulo</span> <span class='ocrx_word' id='word_1_110' title='bbox 507 501 612 520; x_wconf 84' lang='lat' dir='ltr'>perpensa,</span> <span class='ocrx_word' id='word_1_111' title='bbox 627 495 735 519; x_wconf 81' lang='lat' dir='ltr'>respondit:</span> 
     </span>
    </p>

    <p class='ocr_par' dir='ltr' id='par_1_7' title="bbox 105 526 312 551">
     <span class='ocr_line' id='line_1_16' title="bbox 105 526 312 551; baseline 0 -6"><span class='ocrx_word' id='word_1_112' title='bbox 105 526 138 545; x_wconf 86' lang='lat' dir='ltr'>Ad</span> <span class='ocrx_word' id='word_1_113' title='bbox 152 527 165 544; x_wconf 82' lang='lat' dir='ltr'>I.</span> <span class='ocrx_word' id='word_1_114' title='bbox 180 526 312 551; x_wconf 71' lang='lat' dir='ltr'>Affirmativa.</span> 
     </span>
    </p>

    <p class='ocr_par' dir='ltr' id='par_1_8' title="bbox 105 558 288 583">
     <span class='ocr_line' id='line_1_17' title="bbox 105 558 288 583; baseline 0 -7"><span class='ocrx_word' id='word_1_115' title='bbox 105 558 137 576; x_wconf 88' lang='lat' dir='ltr'>Ad</span> <span class='ocrx_word' id='word_1_116' title='bbox 152 558 174 576; x_wconf 87' lang='grc' dir='ltr'>ΙΙ.</span> <span class='ocrx_word' id='word_1_117' title='bbox 189 558 288 583; x_wconf 72' lang='lat' dir='ltr'>Negative.</span> 
     </span>
    </p>

    <p class='ocr_par' dir='ltr' id='par_1_9' title="bbox 64 589 738 677">
     <span class='ocr_line' id='line_1_18' title="bbox 106 589 738 615; baseline -0.002 -6"><span class='ocrx_word' id='word_1_118' title='bbox 106 589 213 615; x_wconf 84' lang='lat' dir='ltr'>Colliges.</span> <span class='ocrx_word' id='word_1_119' title='bbox 231 592 252 608; x_wconf 81' lang='lat'>1⁸².</span> <span class='ocrx_word' id='word_1_120' title='bbox 264 590 367 614; x_wconf 86' lang='lat' dir='ltr'>Exemptio</span> <span class='ocrx_word' id='word_1_121' title='bbox 382 590 491 608; x_wconf 76' lang='lat' dir='ltr'>monasterii</span> <span class='ocrx_word' id='word_1_122' title='bbox 507 596 628 615; x_wconf 81' lang='lat' dir='ltr'>praesumere</span> <span class='ocrx_word' id='word_1_123' title='bbox 646 589 690 608; x_wconf 77' lang='lat' dir='ltr'>facit</span> <span class='ocrx_word' id='word_1_124' title='bbox 707 596 738 608; x_wconf 85' lang='lat' dir='ltr'>ex-</span> 
     </span>
     <span class='ocr_line' id='line_1_19' title="bbox 64 621 738 646; baseline 0 -7"><span class='ocrx_word' id='word_1_125' title='bbox 64 621 182 645; x_wconf 82' lang='lat' dir='ltr'>emptionem</span> <span class='ocrx_word' id='word_1_126' title='bbox 197 621 283 640; x_wconf 80' lang='lat' dir='ltr'>adnexae</span> <span class='ocrx_word' id='word_1_127' title='bbox 298 621 396 643; x_wconf 76' lang='lat' dir='ltr'>ecelesiae,</span> <span class='ocrx_word' id='word_1_128' title='bbox 412 621 484 646; x_wconf 87' lang='lat' dir='ltr'>quippe</span> <span class='ocrx_word' id='word_1_129' title='bbox 498 627 548 645; x_wconf 91' lang='lat' dir='ltr'>quae</span> <span class='ocrx_word' id='word_1_130' title='bbox 562 621 620 640; x_wconf 87' lang='lat' dir='ltr'>veluti</span> <span class='ocrx_word' id='word_1_131' title='bbox 635 627 679 646; x_wconf 88' lang='lat' dir='ltr'>pars</span> <span class='ocrx_word' id='word_1_132' title='bbox 689 621 738 639; x_wconf 84' lang='lat' dir='ltr'>illius</span> 
     </span>
     <span class='ocr_line' id='line_1_20' title="bbox 65 652 266 677; baseline 0 -6"><span class='ocrx_word' id='word_1_133' title='bbox 65 652 165 677; x_wconf 81' lang='lat' dir='ltr'>integrans</span> <span class='ocrx_word' id='word_1_134' title='bbox 179 652 266 671; x_wconf 79' lang='lat' dir='ltr'>habetur.</span> 
     </span>
    </p>

    <p class='ocr_par' dir='ltr' id='par_1_10' title="bbox 65 683 739 770">
     <span class='ocr_line' id='line_1_21' title="bbox 108 683 739 709; baseline 0.002 -8"><span class='ocrx_word' id='word_1_135' title='bbox 108 685 133 703; x_wconf 78' lang='lat'>2⁹.</span> <span class='ocrx_word' id='word_1_136' title='bbox 148 683 195 702; x_wconf 81' lang='lat' dir='ltr'>ltem</span> <span class='ocrx_word' id='word_1_137' title='bbox 210 683 288 702; x_wconf 78' lang='lat' dir='ltr'>facultas</span> <span class='ocrx_word' id='word_1_138' title='bbox 303 683 370 702; x_wconf 88' lang='lat' dir='ltr'>Ordini</span> <span class='ocrx_word' id='word_1_139' title='bbox 385 683 468 708; x_wconf 85' lang='lat' dir='ltr'>regulari</span> <span class='ocrx_word' id='word_1_140' title='bbox 487 690 578 702; x_wconf 84' lang='lat' dir='ltr'>concessa</span> <span class='ocrx_word' id='word_1_141' title='bbox 597 684 683 709; x_wconf 83' lang='lat' dir='ltr'>erigendi</span> <span class='ocrx_word' id='word_1_142' title='bbox 700 690 739 702; x_wconf 91' lang='lat' dir='ltr'>mo-</span> 
     </span>
     <span class='ocr_line' id='line_1_22' title="bbox 66 714 738 739; baseline 0 -6"><span class='ocrx_word' id='word_1_143' title='bbox 66 715 170 733; x_wconf 61' lang='lat' dir='ltr'>nastes-ium</span> <span class='ocrx_word' id='word_1_144' title='bbox 180 719 296 739; x_wconf 83' lang='lat' dir='ltr'>exemptum,</span> <span class='ocrx_word' id='word_1_145' title='bbox 305 715 340 733; x_wconf 75' lang='lat' dir='ltr'>nisi</span> <span class='ocrx_word' id='word_1_146' title='bbox 350 714 404 733; x_wconf 84' lang='lat' dir='ltr'>aliter</span> <span class='ocrx_word' id='word_1_147' title='bbox 414 719 490 733; x_wconf 82' lang='lat' dir='ltr'>cautum</span> <span class='ocrx_word' id='word_1_148' title='bbox 500 716 530 736; x_wconf 90' lang='lat' dir='ltr'>sit,</span> <span class='ocrx_word' id='word_1_149' title='bbox 539 715 672 739; x_wconf 84' lang='lat' dir='ltr'>complectitur</span> <span class='ocrx_word' id='word_1_150' title='bbox 681 715 738 733; x_wconf 81' lang='lat' dir='ltr'>etiam</span> 
     </span>
     <span class='ocr_line' id='line_1_23' title="bbox 65 746 541 770; baseline 0 -6"><span class='ocrx_word' id='word_1_151' title='bbox 65 750 181 770; x_wconf 79' lang='lat' dir='ltr'>potestatem</span> <span class='ocrx_word' id='word_1_152' title='bbox 196 746 295 764; x_wconf 79' lang='lat' dir='ltr'>exn-uendi</span> <span class='ocrx_word' id='word_1_153' title='bbox 310 746 411 765; x_wconf 81' lang='lat' dir='ltr'>ecclesiam</span> <span class='ocrx_word' id='word_1_154' title='bbox 424 751 541 770; x_wconf 86' lang='lat' dir='ltr'>exemptam.</span> 
     </span>
    </p>

    <p class='ocr_par' dir='ltr' id='par_1_11' title="bbox 65 777 739 864">
     <span class='ocr_line' id='line_1_24' title="bbox 107 777 739 802; baseline 0 -7"><span class='ocrx_word' id='word_1_155' title='bbox 107 779 133 800; x_wconf 82' lang='lat'>3⁰.</span> <span class='ocrx_word' id='word_1_156' title='bbox 142 777 221 801; x_wconf 83' lang='lat' dir='ltr'>Insuper</span> <span class='ocrx_word' id='word_1_157' title='bbox 235 777 341 801; x_wconf 76' lang='lat' dir='ltr'>Episcopis,</span> <span class='ocrx_word' id='word_1_158' title='bbox 353 781 450 801; x_wconf 80' lang='lat' dir='ltr'>tamquam</span> <span class='ocrx_word' id='word_1_159' title='bbox 460 777 516 796; x_wconf 88' lang='lat' dir='ltr'>Sedis</span> <span class='ocrx_word' id='word_1_160' title='bbox 525 777 650 802; x_wconf 79' lang='lat' dir='ltr'>Apostolicae</span> <span class='ocrx_word' id='word_1_161' title='bbox 662 777 739 802; x_wconf 82' lang='lat' dir='ltr'>delega-</span> 
     </span>
     <span class='ocr_line' id='line_1_25' title="bbox 66 808 739 833; baseline 0 -7"><span class='ocrx_word' id='word_1_162' title='bbox 66 808 95 830; x_wconf 72' lang='lat' dir='ltr'>tis,</span> <span class='ocrx_word' id='word_1_163' title='bbox 110 808 140 827; x_wconf 80' lang='lat' dir='ltr'>ius</span> <span class='ocrx_word' id='word_1_164' title='bbox 150 812 169 827; x_wconf 84' lang='lat' dir='ltr'>et</span> <span class='ocrx_word' id='word_1_165' title='bbox 178 808 262 827; x_wconf 79' lang='lat' dir='ltr'>officium</span> <span class='ocrx_word' id='word_1_166' title='bbox 272 808 321 827; x_wconf 77' lang='lat' dir='ltr'>inest</span> <span class='ocrx_word' id='word_1_167' title='bbox 330 808 419 827; x_wconf 86' lang='lat' dir='ltr'>visitandi</span> <span class='ocrx_word' id='word_1_168' title='bbox 429 808 523 833; x_wconf 58' lang='lat' dir='ltr'>quaelibet</span> <span class='ocrx_word' id='word_1_169' title='bbox 532 808 623 827; x_wconf 81' lang='lat' dir='ltr'>ecclesias</span> <span class='ocrx_word' id='word_1_170' title='bbox 633 808 739 827; x_wconf 84' lang='lat' dir='ltr'>saeculares</span> 
     </span>
     <span class='ocr_line' id='line_1_26' title="bbox 65 839 631 864; baseline 0.002 -7"><span class='ocrx_word' id='word_1_171' title='bbox 65 843 172 863; x_wconf 84' lang='lat' dir='ltr'>exemptas,</span> <span class='ocrx_word' id='word_1_172' title='bbox 187 839 237 858; x_wconf 86' lang='lat' dir='ltr'>intra</span> <span class='ocrx_word' id='word_1_173' title='bbox 251 839 298 858; x_wconf 82' lang='lat' dir='ltr'>fines</span> <span class='ocrx_word' id='word_1_174' title='bbox 313 839 401 864; x_wconf 86' lang='lat' dir='ltr'>propriae</span> <span class='ocrx_word' id='word_1_175' title='bbox 415 839 509 858; x_wconf 85' lang='lat' dir='ltr'>dioecesis</span> <span class='ocrx_word' id='word_1_176' title='bbox 521 839 631 859; x_wconf 78' lang='lat' dir='ltr'>existentes.</span> 
     </span>
    </p>

    <p class='ocr_par' dir='ltr' id='par_1_12' title="bbox 67 870 740 989">
     <span class='ocr_line' id='line_1_27' title="bbox 107 870 740 895; baseline 0 -6"><span class='ocrx_word' id='word_1_177' title='bbox 107 872 133 894; x_wconf 81' lang='lat'>4⁰.</span> <span class='ocrx_word' id='word_1_178' title='bbox 149 870 241 894; x_wconf 82' lang='lat' dir='ltr'>Quinimo</span> <span class='ocrx_word' id='word_1_179' title='bbox 256 870 352 889; x_wconf 87' lang='lat' dir='ltr'>Ordinarii</span> <span class='ocrx_word' id='word_1_180' title='bbox 366 871 481 892; x_wconf 83' lang='lat' dir='ltr'>dioecesani,</span> <span class='ocrx_word' id='word_1_181' title='bbox 497 871 583 895; x_wconf 83' lang='lat' dir='ltr'>quamvis</span> <span class='ocrx_word' id='word_1_182' title='bbox 597 870 616 889; x_wconf 92' lang='lat' dir='ltr'>in</span> <span class='ocrx_word' id='word_1_183' title='bbox 631 870 653 889; x_wconf 83' lang='lat' dir='ltr'>iis</span> <span class='ocrx_word' id='word_1_184' title='bbox 667 870 740 888; x_wconf 59' lang='lat' dir='ltr'>dui-uta&lt;</span> 
     </span>
     <span class='ocr_line' id='line_1_28' title="bbox 67 902 740 926; baseline 0 -6"><span class='ocrx_word' id='word_1_185' title='bbox 67 906 99 920; x_wconf 78' lang='lat' dir='ltr'>xat</span> <span class='ocrx_word' id='word_1_186' title='bbox 113 908 163 926; x_wconf 87' lang='lat' dir='ltr'>quae</span> <span class='ocrx_word' id='word_1_187' title='bbox 177 908 242 920; x_wconf 89' lang='lat' dir='ltr'>euram</span> <span class='ocrx_word' id='word_1_188' title='bbox 256 902 362 920; x_wconf 91' lang='lat' dir='ltr'>animarum</span> <span class='ocrx_word' id='word_1_189' title='bbox 376 906 396 920; x_wconf 89' lang='lat' dir='ltr'>et</span> <span class='ocrx_word' id='word_1_190' title='bbox 410 902 594 921; x_wconf 83' lang='lat' dir='ltr'>administrationem</span> <span class='ocrx_word' id='word_1_191' title='bbox 613 905 740 920; x_wconf 77' lang='lat' dir='ltr'>sacramento-</span> 
     </span>
     <span class='ocr_line' id='line_1_29' title="bbox 68 932 739 958; baseline 0 -7"><span class='ocrx_word' id='word_1_192' title='bbox 68 939 108 951; x_wconf 90' lang='lat' dir='ltr'>rum</span> <span class='ocrx_word' id='word_1_193' title='bbox 122 937 245 954; x_wconf 83' lang='lat' dir='ltr'>eoncernunt,</span> <span class='ocrx_word' id='word_1_194' title='bbox 261 933 342 952; x_wconf 85' lang='lat' dir='ltr'>invisere</span> <span class='ocrx_word' id='word_1_195' title='bbox 356 933 420 952; x_wconf 81' lang='lat' dir='ltr'>valent</span> <span class='ocrx_word' id='word_1_196' title='bbox 429 933 520 952; x_wconf 83' lang='lat' dir='ltr'>ecclesias</span> <span class='ocrx_word' id='word_1_197' title='bbox 529 939 605 958; x_wconf 84' lang='lat' dir='ltr'>quoque</span> <span class='ocrx_word' id='word_1_198' title='bbox 615 932 739 958; x_wconf 81' lang='lat' dir='ltr'>Regularium</span> 
     </span>
     <span class='ocr_line' id='line_1_30' title="bbox 67 964 738 989; baseline 0 -6"><span class='ocrx_word' id='word_1_199' title='bbox 67 968 173 989; x_wconf 76' lang='lat' dir='ltr'>exemptas¹</span> <span class='ocrx_word' id='word_1_200' title='bbox 188 970 237 988; x_wconf 92' lang='lat' dir='ltr'>quae</span> <span class='ocrx_word' id='word_1_201' title='bbox 252 964 307 983; x_wconf 90' lang='lat' dir='ltr'>simul</span> <span class='ocrx_word' id='word_1_202' title='bbox 317 964 354 983; x_wconf 83' lang='lat' dir='ltr'>sint</span> <span class='ocrx_word' id='word_1_203' title='bbox 363 964 464 989; x_wconf 81' lang='lat' dir='ltr'>paroeciae</span> <span class='ocrx_word' id='word_1_204' title='bbox 473 970 597 989; x_wconf 85' lang='lat' dir='ltr'>personarum</span> <span class='ocrx_word' id='word_1_205' title='bbox 608 964 738 983; x_wconf 76' lang='lat' dir='ltr'>saecularium.</span> 
     </span>
    </p>

    <p class='ocr_par' dir='ltr' id='par_1_13' title="bbox 68 995 740 1083">
     <span class='ocr_line' id='line_1_31' title="bbox 109 995 740 1020; baseline 0 -6"><span class='ocrx_word' id='word_1_206' title='bbox 109 998 133 1019; x_wconf 84' lang='lat'>5⁰.</span> <span class='ocrx_word' id='word_1_207' title='bbox 146 995 197 1014; x_wconf 88' lang='lat' dir='ltr'>Dum</span> <span class='ocrx_word' id='word_1_208' title='bbox 212 1002 223 1014; x_wconf 95' lang='lat' dir='ltr'>e</span> <span class='ocrx_word' id='word_1_209' title='bbox 237 1000 303 1014; x_wconf 84' lang='lat' dir='ltr'>contra</span> <span class='ocrx_word' id='word_1_210' title='bbox 317 996 375 1014; x_wconf 89' lang='lat' dir='ltr'>iidem</span> <span class='ocrx_word' id='word_1_211' title='bbox 389 996 466 1014; x_wconf 78' lang='lat' dir='ltr'>visitare</span> <span class='ocrx_word' id='word_1_212' title='bbox 481 1000 577 1020; x_wconf 82' lang='lat' dir='ltr'>nequeunt</span> <span class='ocrx_word' id='word_1_213' title='bbox 591 1000 678 1014; x_wconf 83' lang='lat' dir='ltr'>coeteras</span> <span class='ocrx_word' id='word_1_214' title='bbox 685 1002 740 1020; x_wconf 86' lang='lat' dir='ltr'>regu-</span> 
     </span>
     <span class='ocr_line' id='line_1_32' title="bbox 68 1026 740 1051; baseline 0 -6"><span class='ocrx_word' id='word_1_215' title='bbox 68 1027 116 1045; x_wconf 86' lang='lat' dir='ltr'>lares</span> <span class='ocrx_word' id='word_1_216' title='bbox 130 1026 221 1045; x_wconf 64' lang='lat' dir='ltr'>eeeleeias</span> <span class='ocrx_word' id='word_1_217' title='bbox 235 1027 357 1051; x_wconf 85' lang='lat' dir='ltr'>exemptione</span> <span class='ocrx_word' id='word_1_218' title='bbox 372 1027 462 1048; x_wconf 76' lang='lat' dir='ltr'>fruentes,</span> <span class='ocrx_word' id='word_1_219' title='bbox 477 1033 557 1051; x_wconf 88' lang='lat' dir='ltr'>quarum</span> <span class='ocrx_word' id='word_1_220' title='bbox 571 1027 655 1046; x_wconf 75' lang='lat' dir='ltr'>visitatio</span> <span class='ocrx_word' id='word_1_221' title='bbox 672 1027 696 1046; x_wconf 86' lang='lat' dir='ltr'>ad</span> <span class='ocrx_word' id='word_1_222' title='bbox 711 1033 740 1046; x_wconf 83' lang='lat' dir='ltr'>su-</span> 
     </span>
     <span class='ocr_line' id='line_1_33' title="bbox 69 1058 502 1083; baseline 0.002 -7"><span class='ocrx_word' id='word_1_223' title='bbox 69 1058 152 1082; x_wconf 83' lang='lat' dir='ltr'>periores</span> <span class='ocrx_word' id='word_1_224' title='bbox 167 1058 265 1083; x_wconf 81' lang='lat' dir='ltr'>regulares</span> <span class='ocrx_word' id='word_1_225' title='bbox 279 1058 400 1077; x_wconf 86' lang='lat' dir='ltr'>solummodo</span> <span class='ocrx_word' id='word_1_226' title='bbox 414 1059 502 1083; x_wconf 86' lang='lat' dir='ltr'>pertinet.</span> 
     </span>
    </p>

    <p class='ocr_par' dir='ltr' id='par_1_14' title="bbox 70 1089 771 1145">
     <span class='ocr_line' id='line_1_34' title="bbox 109 1089 771 1115; baseline 0.002 -8"><span class='ocrx_word' id='word_1_227' title='bbox 109 1090 134 1107; x_wconf 74' lang='lat'>6⁰.</span> <span class='ocrx_word' id='word_1_228' title='bbox 144 1089 164 1107; x_wconf 89' lang='lat' dir='ltr'>In</span> <span class='ocrx_word' id='word_1_229' title='bbox 174 1089 258 1108; x_wconf 84' lang='lat' dir='ltr'>themate</span> <span class='ocrx_word' id='word_1_230' title='bbox 268 1089 348 1114; x_wconf 77' lang='lat' dir='ltr'>proinde</span> <span class='ocrx_word' id='word_1_231' title='bbox 358 1096 416 1114; x_wconf 90' lang='lat' dir='ltr'>quum</span> <span class='ocrx_word' id='word_1_232' title='bbox 425 1096 450 1108; x_wconf 90' lang='lat' dir='ltr'>ex</span> <span class='ocrx_word' id='word_1_233' title='bbox 461 1096 498 1108; x_wconf 87' lang='lat' dir='ltr'>una</span> <span class='ocrx_word' id='word_1_234' title='bbox 507 1094 561 1114; x_wconf 85' lang='lat' dir='ltr'>parte</span> <span class='ocrx_word' id='word_1_235' title='bbox 571 1090 664 1115; x_wconf 85' lang='lat' dir='ltr'>Religiosi</span> <span class='ocrx_word' id='word_1_236' title='bbox 674 1090 694 1109; x_wconf 77' lang='lat' dir='ltr'>S.</span> <span class='ocrx_word' id='word_1_237' title='bbox 702 1090 741 1108; x_wconf 87' lang='lat' dir='ltr'>Au-</span> <span class='ocrx_word' id='word_1_238' title='bbox 769 1105 771 1108; x_wconf 97' lang='lat'>.</span> 
     </span>
     <span class='ocr_line' id='line_1_35' title="bbox 70 1120 741 1145; baseline 0.001 -7"><span class='ocrx_word' id='word_1_239' title='bbox 70 1120 139 1145; x_wconf 80' lang='lat' dir='ltr'>gustini</span> <span class='ocrx_word' id='word_1_240' title='bbox 155 1127 166 1139; x_wconf 95' lang='lat' dir='ltr'>a</span> <span class='ocrx_word' id='word_1_241' title='bbox 180 1120 199 1139; x_wconf 89' lang='lat' dir='ltr'>S.</span> <span class='ocrx_word' id='word_1_242' title='bbox 215 1120 265 1139; x_wconf 84' lang='lat' dir='ltr'>Sede</span> <span class='ocrx_word' id='word_1_243' title='bbox 279 1121 354 1139; x_wconf 81' lang='lat' dir='ltr'>veniam</span> <span class='ocrx_word' id='word_1_244' title='bbox 369 1121 485 1139; x_wconf 81' lang='lat' dir='ltr'>obtinuerint</span> <span class='ocrx_word' id='word_1_245' title='bbox 495 1121 604 1140; x_wconf 87' lang='lat' dir='ltr'>instituendi</span> <span class='ocrx_word' id='word_1_246' title='bbox 614 1121 633 1140; x_wconf 85' lang='lat' dir='ltr'>in</span> <span class='ocrx_word' id='word_1_247' title='bbox 647 1125 741 1140; x_wconf 83' lang='lat' dir='ltr'>monaste-</span> 
     </span>
    </p>
   </div>
   <div class='ocr_carea' id='block_1_4' title="bbox 71 1151 741 1204">
    <p class='ocr_par' dir='ltr' id='par_1_15' title="bbox 71 1151 741 1204">
     <span class='ocr_line' id='line_1_36' title="bbox 71 1151 741 1177; baseline 0.001 -7"><span class='ocrx_word' id='word_1_248' title='bbox 71 1151 98 1170; x_wconf 79' lang='lat' dir='ltr'>rio</span> <span class='ocrx_word' id='word_1_249' title='bbox 111 1151 170 1177; x_wconf 84' lang='lat' dir='ltr'>vulgo</span> <span class='ocrx_word' id='word_1_250' title='bbox 184 1152 216 1170; x_wconf 70' lang='lat' dir='ltr'>del</span> <span class='ocrx_word' id='word_1_251' title='bbox 228 1152 318 1170; x_wconf 74' lang='lat' dir='ltr'>Escorr‘al</span> <span class='ocrx_word' id='word_1_252' title='bbox 329 1151 431 1177; x_wconf 83' lang='lat' dir='ltr'>collegium</span> <span class='ocrx_word' id='word_1_253' title='bbox 445 1157 556 1177; x_wconf 82' lang='lat' dir='ltr'>exemptum</span> <span class='ocrx_word' id='word_1_254' title='bbox 566 1159 601 1177; x_wconf 88' lang='lat' dir='ltr'>pro</span> <span class='ocrx_word' id='word_1_255' title='bbox 614 1153 684 1171; x_wconf 82' lang='lat' dir='ltr'>exteris</span> <span class='ocrx_word' id='word_1_256' title='bbox 698 1153 741 1171; x_wconf 87' lang='lat' dir='ltr'>mis-</span> 
     </span>
     <span class='ocr_line' id='line_1_37' title="bbox 122 1190 687 1204; baseline 0.004 -4"><span class='ocrx_word' id='word_1_257' title='bbox 122 1190 151 1201; x_wconf 69' lang='grc' dir='ltr'>ΛΗ,</span> <span class='ocrx_word' id='word_1_258' title='bbox 158 1190 172 1201; x_wconf 83' lang='lat' dir='ltr'>S·</span> <span class='ocrx_word' id='word_1_259' title='bbox 177 1190 216 1203; x_wconf 59' lang='lat' dir='ltr'>Sedlr,</span> <span class='ocrx_word' id='word_1_260' title='bbox 223 1190 247 1201; x_wconf 76' lang='grc' dir='ltr'><strong><em>νοΙ.</em></strong></span> <span class='ocrx_word' id='word_1_261' title='bbox 255 1190 277 1203; x_wconf 61' lang='lat' dir='ltr'>qu</span> <span class='ocrx_word' id='word_1_262' title='bbox 281 1190 317 1204; x_wconf 70' lang='lat' dir='ltr'>sanc.</span> <span class='ocrx_word' id='word_1_263' title='bbox 324 1192 335 1202; x_wconf 87' lang='grc' dir='ltr'>Ι.</span> <span class='ocrx_word' id='word_1_264' title='bbox 456 1196 459 1197; x_wconf 55' lang='grc'>’</span> <span class='ocrx_word' id='word_1_265' title='bbox 681 1191 687 1202; x_wconf 74' lang='lat' dir='ltr'>S</span> 
     </span>
    </p>
   </div>
  </div>
 </body>
</html>
