915 1302
264 68 290 82 fir
300 68 315 82 s.
328 68 344 82 c.
356 68 374 82 de
385 68 485 87 Propaganda
496 68 532 82 Fide
704 73 733 87 ,47

62 121 112 140 dinis
132 122 284 141 Praedicatorum
303 122 396 147 regularis
414 122 525 141 Provinciae
542 122 626 147 Angliae
644 122 734 141 celebrari

62 152 126 171 valeat
140 153 169 172 bis
184 153 202 171 in
217 153 337 172 hebdomada
352 153 412 172 Missa
425 154 447 172 de
461 153 539 178 Raquz'e,
554 157 665 172 oecurrente
677 154 735 172 etiam

62 184 110 203 sesto
124 185 172 203 ritus
186 184 272 209 duplicis,
287 185 373 209 exceptis
387 185 459 210 primae
474 189 493 203 et
508 185 603 203 secundae
614 184 684 206 classis,
697 185 735 203 die-

62 216 96 234 bus
111 216 219 235 Dominicis
233 216 313 241 aliisque
327 216 379 235 festis
394 216 418 235 de
432 220 535 241 praecepto
545 216 649 238 servandis?
660 223 734 235 necnon

61 246 139 271 vigiliis,
154 247 205 266 feriis
219 251 276 272 atque
291 247 363 266 octavis
378 247 507 272 privilegiatis,
523 251 543 265 et
556 247 661 266 dummodo
679 247 735 266 huius

61 278 130 297 indulti
145 278 190 297 nihil
204 279 283 297 omnino
297 283 373 303 praeter
387 283 498 297 consuetam
515 278 657 303 eleemosynam
676 278 735 303 perci-

62 310 130 333 piatur.
146 309 176 328 De
191 316 285 329 consensu
300 310 398 329 Ordinarii
412 310 437 329 ad
452 310 608 334 quinquennium.

101 339 175 358 Datum
190 340 263 359 Romae
280 347 304 359 ex
319 340 398 359 aedibus
415 340 433 358 S.
445 340 609 365 Congregationis
625 340 649 359 de
666 340 734 364 Propa-

60 370 125 395 ganda
141 370 194 392 Fide,
209 371 240 389 die
255 375 274 390 et
288 377 339 390 anno
354 376 374 390 ut
388 378 450 396 supra.

419 410 505 428 Aloisius
519 410 595 431 Veccia,
611 409 733 428 Semtamas.

61 489 162 506 Laudatur
172 494 245 507 novum
256 490 370 507 nstitutum
385 490 459 507 Sororu
470 490 531 507 Ten-tn
543 489 622 506 Ordinis
638 489 658 506 S.
671 489 734 506 Domi-

104 517 144 534 nici
155 517 234 537 eiusque
246 517 396 534 constitutione·
408 517 434 534 ad
445 518 524 538 tempus
535 517 675 538 approbantur.

86 562 138 581 Curn
153 562 266 581 Reverenda
280 562 342 581 Mater
357 562 418 581 Maria
428 562 510 581 Aemilia
520 568 531 580 a
541 562 574 580 SS.
585 562 672 586 Angelis,
684 561 734 580 Prio-

61 593 107 612 rissa
122 593 219 618 generalis
234 593 315 612 Instituti
330 593 421 612 Sororum
435 593 495 612 Tertii
510 593 589 612 Ordinis
603 593 622 611 S.
637 593 734 611 Dominici

62 624 219 649 congregationis
233 624 315 643 Sanctae
329 618 445 652 Catharinae
460 625 556 646 Senensis,
571 631 650 648 quarum
665 624 733 642 domus

61 656 151 680 princeps
165 660 194 674 est
202 656 219 674 in
227 656 270 675 loco
277 656 424 675 archidioecesis
433 656 582 675 Milwaukiensis
590 652 676 674 Statuum
687 656 734 674 Foe-

62 687 171 706 deratorum
186 687 287 706 Americae
301 687 460 712 Septentrionalis
470 688 501 711 qui
511 687 570 712 vulgo
579 687 647 706 dicitur
655 687 733 707 Racine,

62 719 116 737 enixe
132 719 208 743 petierit
222 723 242 737 ut
252 719 321 737 Sancta
331 719 391 738 Sedes
401 719 518 744 praedictum
529 719 637 737 institutum
647 718 733 742 illiusque

62 750 208 768 constitutiones
226 750 333 774 adprobare
352 750 472 775 dignaretur,
492 751 532 769 eius
551 750 618 774 petitio
634 750 734 768 Romanae

63 781 198 800 Commissioni
217 787 252 806 pro
269 782 357 800 examine
375 782 531 800 constitutionum
549 788 641 800 novorum
660 781 734 799 institu-

63 815 124 830 torum
139 812 163 830 ab
178 812 213 830 hac
227 813 245 831 S.
258 812 414 837 Congregatione
426 813 576 837 dependentium
589 812 692 833 institutae,
704 812 733 830 eui

63 843 228 862 Eminentissimus
242 843 348 862 Cardinalis
368 844 480 862 Franciscus
495 844 561 862 Satolli
576 847 662 868 praeest,
677 846 734 867 prout

63 879 109 898 opus
124 877 170 895 erat,
178 873 242 892 delata
256 874 294 893 suit.
310 874 434 893 Praelaudata
443 880 489 893 vero
499 874 665 892 Reverendissima
675 873 733 892 Corn-

64 904 133 924 missio
149 909 220 923 attenta
234 905 289 923 huius
304 906 385 924 instituti
400 911 434 930 pro
449 896 570 924 missionibus
587 905 605 923 in
625 904 733 929 supradicta

64 936 141 960 regione
155 936 240 957 utilitate,
256 937 280 955 de
294 943 331 961 qua
346 937 419 955 litterae
437 936 604 955 commendatitiae
623 935 734 954 Ordinario-

64 973 107 988 rum,
124 967 143 985 in
158 974 238 992 quorum
252 968 372 986 dioecesibus
386 968 477 986 Sororum
491 968 559 986 domus
575 971 660 988 exstant,
676 966 732 985 fidem

65 998 137 1020 faciunt,
152 1003 172 1017 et
185 1003 258 1017 attenta
272 999 329 1017 etiam
344 999 393 1017 illius
408 999 548 1024 aggregatione
562 998 587 1017 ad
601 998 688 1017 Tertium
698 998 733 1016 Or-

65 1029 125 1048 dinem
143 1029 207 1048 Sancti
223 1030 319 1049 Dominici
333 1037 344 1049 a
359 1031 382 1049 R.
398 1030 416 1048 P.
432 1030 527 1055 Magistro
545 1029 630 1054 generali
649 1033 731 1053 peracta.

65 1060 112 1079 idem
131 1061 239 1080 institutum
260 1062 334 1080 interim
356 1061 471 1080 laudandum
489 1062 568 1085 eiusque
588 1061 732 1079 constitutiones

66 1091 113 1111 iuxta
127 1092 205 1111 schema
218 1093 329 1114 exhibitum,
347 1093 459 1111 introductis
477 1097 541 1111 tamen
562 1092 733 1111 modificationibus

65 1128 117 1147 prout
132 1124 149 1141 in
164 1129 241 1142 annexo
260 1124 364 1148 ‚exemplari
383 1124 473 1145 hahetur.
492 1124 516 1142 ad
531 1123 680 1148 quinquennium
699 1129 732 1147 per

66 1155 139 1173 modurn
154 1155 279 1179 experimenti
291 1155 428 1179 approbandas
442 1155 520 1174 censuit.
536 1155 601 1179 Quare
616 1155 662 1173 haec
674 1155 732 1173 Sacra
