915 1302
360 60 439 79 Appendix
712 66 715 74 ι
721 65 725 74 ι
730 61 737 75 5

67 118 185 138 reponantur
199 120 231 133 xvx
246 114 364 135 Decembris,
379 115 457 139 dempta
471 121 494 133 ea
507 121 556 139 quae
570 115 638 133 dicitur
651 115 676 133 ad
691 115 739 133 Can-

67 144 131 165 ticum,
147 149 168 163 ut
181 151 239 169 supra
253 146 303 169 (¹4)-

108 175 156 194 ltem
171 176 262 195 festivitas
276 176 376 201 Triumphi
390 177 472 196 Sanctae
486 177 559 199 Crucis,
574 183 623 201 quae
633 177 739 196 celebratur

82 206 115 224 dic
128 213 159 226 xv1
174 207 221 226 Iulii.
236 208 283 226 Item
297 207 389 226 festivitas
398 208 458 233 saneti
468 208 583 233 ildephonsi,
594 208 738 233 Archiepiscopi

66 237 163 260 Toletani,
179 238 303 257 Confessoris.
319 239 366 258 Item
380 239 471 258 festivitas
485 240 545 258 sancti
560 240 632 261 Isidori,
640 240 738 265 Archiepi-

66 269 121 293 scopi
136 269 261 294 Hispalensis,
276 276 311 294 pro
324 276 363 294 quo
377 270 482 289 celebretur
497 270 586 289 Officium
606 271 701 293 Doctoris,
719 275 739 289 et

66 300 158 319 recitetur
174 300 231 319 Credo
245 301 263 319 in
278 301 405 320 celebratione
420 301 491 320 Missae
501 302 551 326 (15).
567 302 645 326 Insuper
657 302 739 320 celebre-

66 335 97 349 tur
112 331 203 350 festivims
217 336 294 351 sanctae
309 333 377 351 Annae
392 333 458 351 Matris
473 333 543 352 Beatae
558 333 630 352 Mariae
647 333 738 358 Virginis,

66 363 85 381 in
101 363 190 382 omnibus
203 363 255 385 locis,
271 364 302 382 ubi
316 364 377 383 fuerat
386 364 467 382 ecelesia
475 364 506 382 vel
516 364 602 389 cappella
616 364 678 384 dictae
693 365 739 383 San-

66 398 111 412 ctae
120 394 145 412 ad
152 401 248 418 praesens,
259 395 288 413 vel
298 395 330 413 uhi
340 395 470 414 aedificabitur
479 395 560 414 ecclesia
569 396 587 414 in
597 396 678 414 futurum
687 396 736 420 (16).

66 425 116 444 Item
131 426 258 447 concedimus,
273 430 294 444 ut
307 426 403 450 quaelibet
417 426 498 445 eeclesia
516 430 536 445 et
554 427 688 445 monasterium
707 427 739 446 Hi·

66 458 153 481 spaniae,
168 457 241 476 habens
255 457 327 482 aliquas
341 458 430 482 reliquias
444 458 535 483 insignes,
550 462 596 482 puta
615 462 678 483 caput,
698 459 739 476 bra-

67 489 137 510 chium,
152 489 182 507 vel
197 495 240 508 crus
253 488 332 507 alieuius
345 489 410 507 Sancti
425 489 475 514 (17),
490 489 547 507 etiam
562 489 681 514 alienigenae
700 495 738 507 non

67 520 177 538 exsistentis
191 520 210 538 in
225 520 326 541 Breviario,
341 520 370 539 vei
385 520 409 538 de
423 526 462 544 quo
472 521 490 539 in
500 520 551 539 dicto
562 520 657 539 Breviario
667 520 688 539 fit
699 524 739 539 tan<

67 555 108 569 tum
123 551 279 570 commemoratio
294 551 343 575 (18),
359 552 418 576 possit
436 551 485 570 illius
502 551 623 570 festivitatem
642 551 738 570 celebrare

67 586 87 600 et
102 582 191 600 Officium
206 582 277 606 duplex
291 582 352 601 facere
367 583 416 606 (19),
432 586 451 601 et
465 582 489 601 de
499 582 536 601 alio
546 582 617 601 Sancto
627 582 695 601 eodem
707 582 738 601 die

68 614 180 635 occurrenti,
196 614 211 632 si
225 613 281 632 fuerit
290 613 376 638 simplex.
387 613 420 632 fiat
429 613 593 635 commemoratio;
604 614 619 631 si
629 619 674 632 vero
684 613 740 632 fuerit

68 644 140 669 duplex
154 645 182 663 vel
198 644 321 669 semiduplex,
337 645 459 664 transferatur
480 645 498 663 in
518 645 598 669 primam
614 645 665 664 diem
683 644 738 663 simili

68 675 117 694 festo
132 682 170 694 non
184 676 295 700 impeditum
310 677 359 700 (20).
381 676 406 695 Et
424 676 514 700 quoniam
529 676 549 694 in
566 682 626 701 regno
644 676 739 694 Castellae

69 708 87 726 in
106 707 192 732 pluribus
210 708 296 726 ecclesiis
313 707 419 726 celebratur
437 707 468 726 die
487 713 524 726 xxx
543 707 656 726 Decembris
669 707 739 726 Trans-

68 739 114 757 latio
129 739 188 757 sancti
203 739 266 757 iacobi
281 739 375 763 Apostoli,
387 739 521 763 Hispaniarum
535 739 610 763 patroni
620 739 670 763 (21),
686 745 739 763 prae-

69 771 145 795 cipuum
163 770 234 795 duplex
249 771 299 794 (22).
319 775 338 789 et
357 770 375 788 in
395 770 491 789 Breviario
505 771 582 795 ponitur
599 770 629 789 die
651 776 696 789 xxix
715 770 739 789 fe-

69 801 143 820 stivitas
157 801 216 820 saneti
231 801 318 820 Thomae
332 801 477 825 Archiepiscopi
491 801 634 820 Cantuariensis
652 805 671 820 et
688 801 738 820 Mar·

69 833 121 856 tyris,
137 832 261 856 semiduplex,
276 836 296 851 et
310 833 328 850 in
343 838 393 851 anno
407 838 446 856 quo
464 832 556 851 festivitas
574 832 633 850 sancti
652 831 739 857 Thomae

69 864 150 882 occurrit
164 864 182 882 in
197 863 304 884 Dominica,
319 863 372 881 iuxta
385 863 472 888 regulam
486 863 576 881 Breviarii
590 863 700 881 transfertur
720 863 739 881 in

70 895 119 913 diem
134 899 251 919 sequentem,
266 901 305 919 quo
319 894 350 913 die
364 894 382 912 in
397 900 420 913 eo
435 900 496 919 regno
510 894 617 913 celebratur
631 894 740 919 supradicta

70 926 160 944 festivitas
174 926 235 944 sancti
250 926 319 947 lacobi,
334 930 439 950 posteaque
454 931 488 950 per
502 925 565 950 plures
579 925 621 944 dies
635 932 672 944 non
687 926 739 944 venit

70 957 132 982 aliqua
146 957 187 975 dies
200 963 267 978 vacua.
283 957 300 975 in
315 963 353 981 qua
367 957 426 981 possit
440 956 531 975 celebrari
545 957 637 975 festivitas
647 957 738 981 praedicti

70 989 129 1007 sancti
143 989 240 1007 Thomae:
256 982 348 1010 volumus,
364 992 384 1006 ut
398 988 416 1006 in
430 994 455 1006 eo
464 994 515 1007 anno
524 988 593 1006 festum
603 988 666 1012 ipsum
678 988 738 1007 sancti

70 1020 156 1039 Thomae
171 1020 294 1038 transferatur
308 1019 332 1037 ad
351 1020 431 1044 primam
448 1019 498 1038 diem
516 1019 586 1044 duplici
605 1026 643 1038 non
662 1020 739 1044 impedi-

70 1055 108 1069 tam
123 1051 167 1075 (²3)
182 1056 231 1074 quae
245 1050 281 1069 erit
295 1050 366 1074 Vigilia
386 1050 514 1075 Epiphaniae,
531 1054 551 1068 et
567 1054 611 1069 tunc
628 1050 652 1069 de
668 1050 739 1075 vigilia

71 1081 102 1100 fiat
115 1085 189 1100 tantum
204 1081 360 1100 commemoratio
375 1082 424 1106 (24);
440 1081 465 1100 ad
475 1081 571 1105 Vesperas
581 1085 644 1100 autem
658 1081 740 1106 Epipha-

71 1113 111 1131 niae
126 1111 178 1131 nulla
192 1112 224 1131 fiat
238 1113 394 1131 commemoratio
408 1112 432 1131 de
446 1112 495 1131 festo
510 1112 570 1131 sancti
584 1112 671 1131 Thomae
688 1119 740 1137 prae-

71 1144 120 1162 dicti.
