915 1302
189 43 216 61 148
398 45 423 59 Ex
433 45 448 59 s.
457 45 578 65 Congregaeione
587 46 651 60 emim

289 120 328 148 Ex
344 120 368 149 S.
379 120 618 150 CONGREGATIONE
635 121 755 150 CONClLlI

456 168 591 182 —x—

449 213 595 232 GUADIXEN.

187 265 297 283 canonicus
309 267 383 283 absens
395 271 407 283 a
419 271 456 283 sun
468 264 615 287 residentiffi'ut
626 267 680 284 ineat
687 271 802 284 concursum
815 267 859 285 nive

231 292 329 310 litterar-le
340 293 439 314 exercitia,
451 298 490 310 non
502 294 588 310 lucratur
600 294 754 311 dittflhutiones.

228 348 335 372 Episcopus
349 348 477 366 Guadixensis
491 348 509 366 in
520 347 612 367 relatione
621 354 679 372 quam
688 348 707 366 S.
719 342 799 367 Concilii
809 348 859 367 Con-

187 379 296 404 gregationi
311 379 397 398 exhibuit
411 385 468 404 super
482 383 552 397 statum
567 385 613 398 suae
627 379 728 401 dioecesis,
744 380 763 398 in
777 385 819 404 cap.
833 386 857 401 ix,

188 417 270 435 sequens
284 410 401 434 postulatum
416 411 524 435 proposuit:

227 442 336 460 eanonicus
343 441 445 460 doctoralis
454 441 551 466 praefatae
565 441 679 460 cathedralis
692 441 790 463 eeclesiae,
805 448 859 466 prae

187 473 219 491 vio
233 479 327 491 consensu
341 472 438 497 Episcopi,
453 473 473 491 in
486 472 587 491 dioeceses
603 472 738 497 Hispalensem
753 477 773 492 et
786 473 859 492 Grana-

187 509 260 523 tensem
275 510 296 523 se
310 504 390 523 contulit
399 504 497 523 cuiusdam
508 504 585 528 periculi
595 510 628 523 seu
638 511 741 523 concursus
752 505 858 524 sustinendi

187 542 250 555 causa.
270 536 319 554 Cum
338 535 362 554 ad
381 542 435 554 suam
451 536 507 554 rediit
526 535 632 557 ecclesiam,
651 535 754 555 declaravit
771 543 792 555 se
810 536 859 555 velle

187 567 303 586 considerari
318 566 345 585 uti
360 571 479 591 praesentem
494 567 513 585 in
528 567 587 585 choro
601 567 625 585 ad
639 567 727 586 effectum
743 567 859 586 distributio-

188 604 222 617 nes
236 598 320 617 lucrandi
335 598 357 616 iis
371 598 438 616 diebus
452 598 521 622 quibus
535 598 560 616 ob
575 598 691 622 praedictam
701 605 778 617 eausam
793 599 858 617 abfuit.

188 629 246 655 quue
261 629 359 648 contendit
373 629 408 648 sibi
423 633 532 654 competere
547 636 571 648 ex
586 629 729 651 consuetudine,
745 634 802 654 prout
816 637 859 649 con-

187 666 238 680 stare
252 661 300 679 dixit
313 667 338 679 ex
352 661 437 685 pluribus
450 661 499 679 actis
512 661 653 685 capitularibus.
845 656 848 659 .

227 692 375 717 Refragantibus
389 696 453 711 tamen
468 692 514 713 aliis,
530 692 639 717 Episcopus
654 699 677 711 ne
692 693 711 711 in
725 699 745 712 re
755 697 795 712 tam
804 693 859 718 gravi

186 723 285 748 disciplina
299 723 427 742 ecelesiastica
441 727 598 748 corrumperetur.
614 724 729 742 transmissis
739 724 859 743 documentis

187 755 231 773 hinc
245 754 289 773 inde
303 754 369 775 allatis,
384 754 484 778 sequentia
498 754 598 778 proposuit
612 754 678 773 dubia:

227 786 240 805 Ι.
257 786 324 805 Utrum
338 786 441 805 eanonicus
454 786 485 810 qui
501 786 555 804 abest
569 792 581 804 a
594 791 630 804 sua
646 786 757 807 residentia,
773 790 794 805 ut
808 786 860 805 ineat

187 824 300 836 concursum
319 817 359 836 sive
373 817 463 835 litteraria
477 817 568 835 exercitia
582 817 601 835 in
614 816 652 836 alia
666 817 750 836 dioecesi
764 817 789 836 ad
803 823 860 836 cano·

187 849 270 867 nicatum
284 848 414 869 obtinendum,
430 848 491 872 possit
500 852 533 866 aut
541 848 613 866 debeat
621 848 687 866 haberi
699 852 797 872 tamquam
807 855 860 873 prae·

187 886 231 898 sens
245 879 263 898 in
278 879 336 898 choro
351 879 374 898 ad
384 879 472 898 effectum
481 879 565 898 lucrandi
579 879 734 898 dish-ibutiones?
747 880 773 898 Et
782 880 858 904 pariter.

186 914 280 935 quatenus
295 910 383 935 negative
398 916 422 928 ex
437 910 477 929 iure
491 910 599 929 communi:

227 942 249 960 11.
265 942 332 961 Utrum
347 941 414 960 saltem
428 942 448 960 id
463 942 550 960 sustineri
561 942 622 966 possit
635 948 660 960 ex
672 942 809 961 consuetudine
819 949 860 967 par-

185 973 264 995 ticulari,
280 980 329 998 quae
343 973 403 999 vigeri
417 973 509 992 asseritur
523 974 542 992 in
557 974 643 998 praefato
657 973 755 998 capitulo?
769 973 795 992 Et
811 974 859 999 pari-

186 1009 220 1026 ter,
235 1009 329 1030 quatenus
344 1006 445 1030 negative:

227 1037 258 1056 111.
273 1036 325 1060 Quid
343 1036 466 1055 statuendum
480 1036 499 1055 in
514 1042 559 1055 casu
575 1036 679 1060 praesenti,
695 1036 714 1055 in
728 1042 767 1061 quo
783 1036 858 1055 canoni-

185 1074 219 1087 cus
233 1067 336 1086 doctoralis
350 1068 409 1086 abfuit
423 1068 474 1086 bona
486 1067 529 1089 fide.
540 1071 610 1092 putans
619 1067 691 1086 seilicet
701 1068 858 1086 consuetudinem

186 1099 221 1117 sibi
237 1099 305 1120 favere,
320 1105 343 1117 ac
357 1099 401 1117 ideo
415 1105 436 1117 se
450 1103 571 1123 praesentem
586 1098 695 1117 habendum
709 1105 752 1117 esse
766 1099 785 1117 in
800 1099 858 1117 choro

186 1134 206 1148 et
219 1129 286 1149 lucrari
300 1130 456 1149 distributiones?
