915 1302
358 55 425 69 Romana
698 59 725 73 ¹47

57 108 145 127 Filiasum
153 108 233 130 Mariae;
243 109 354 133 rescriptum
362 108 381 128 S.
388 109 410 127 C.
418 108 580 134 Indulgentiarum
594 115 600 127 1
611 109 666 128 Febr.
675 110 725 132 1879

57 145 90 163 pro
98 139 252 158 archisodalitate
266 140 383 158 adorationis
397 144 507 164 perpetuae,
518 140 547 158 eui
557 139 638 158 adscribi
646 144 726 165 possunt

56 177 148 195 personae
162 171 259 195 utriusque
273 177 336 190 sexus.

95 202 144 221 Cum
164 202 326 227 congregationes
343 202 480 221 Tertiariorum
499 202 623 222 saecularium
643 202 727 221 similitu-

55 233 119 252 dinem
133 234 216 258 aliquam
231 233 314 252 habeant
328 240 371 252 cum
387 234 576 257 consraternitatibus,
591 234 657 258 quaeri
676 241 726 253 nunc

55 268 124 289 potest,
139 271 164 283 an
179 265 230 289 quod
245 264 316 283 dictum
326 269 355 283 est
369 265 394 283 de
404 265 589 284 confraternitatibus
598 265 661 284 valeat
667 266 725 284 etiam

55 296 78 314 de
92 296 276 321 congregationibus
290 296 432 315 Tertiariorum.
448 296 480 315 Uti
495 300 548 321 patet
562 297 591 315 hic
606 303 668 315 sermo
682 291 729 318 esse,

56 327 120 352 nequit
134 327 158 346 de
172 327 269 346 erectione
283 327 343 346 Tertii
359 327 437 346 Ordinis
451 328 515 346 favore
523 328 605 352 ipsarum
616 328 725 346 monialium

55 358 83 377 vel
98 365 185 377 sororum
199 362 288 377 votorum
305 358 424 383 simplicium,
443 359 487 383 quia
502 362 521 377 et
538 359 592 383 ipsae
609 365 633 377 ex
647 359 726 377 decreto

56 389 73 409 S.
80 390 101 408 C.
118 390 281 415 indulgentiarum
296 390 333 408 diei
351 392 373 408 16
388 389 428 408 Iulii
446 390 495 413 1887
510 390 634 414 prohibentur
643 390 724 408 adscribi

55 421 72 439 in
86 421 174 439 Tertium
189 421 282 440 Ordinem
298 421 317 440 S.
332 421 428 440 Francisci
443 421 563 442 Assisiensis,
578 428 600 440 ac
611 421 690 446 proinde
700 422 725 440 ob

55 452 133 471 rationis
147 452 248 476 paritatem
266 453 323 471 etiam
345 453 364 471 in
383 458 450 471 omnes
471 452 518 471 alios
538 452 615 471 Tertius
635 453 724 471 Ordines.

55 483 125 506 Quoad
139 489 185 501 vero
199 487 307 504 extraneos,
322 483 371 502 idem
386 483 488 502 dicendum
502 488 532 502 est
546 484 597 508 quod
611 484 635 502 de
654 484 726 503 confra-

55 514 180 535 ternitatibus,
196 514 268 533 scilicet
283 520 317 539 pro
332 514 399 539 puellis
413 513 517 533 educandis
531 515 579 540 erigi
590 519 669 540 possunt
682 522 725 534 con-

55 545 178 570 gregationes
193 545 252 564 Tertii
274 546 353 564 Ordinis
374 550 412 564 ram
434 546 452 564 in
474 546 583 565 monialium
605 547 725 565 monasteriis

55 583 110 600 quarn
126 577 145 595 in
164 577 253 595 domibus
271 583 357 595 sororum
374 582 462 596 votorum
481 577 606 602 simplicium:
628 584 663 602 pro
684 577 725 596 aliis

55 608 150 626 extraneis
168 608 218 626 haud
237 608 311 626 videtur
329 608 377 633 erigi
396 615 452 633 posse
467 609 485 626 in
504 608 590 627 ecclesiis
609 608 723 630 monialium,

55 645 101 663 quae
112 639 178 664 Papali
188 639 286 658 clausurae
296 639 398 658 obstrictae
408 644 457 661 sunt,
468 646 505 658 non
516 640 561 658 item
571 640 589 658 in
599 640 683 659 ecclesiis
695 640 725 659 vel

56 671 142 689 oratoriis
156 677 242 689 sororum
256 675 343 689 votorum
358 671 476 695 simplicium,
497 671 600 690 dummodo
619 676 687 696 agatur
701 672 725 690 de

56 702 98 720 solis
112 702 192 720 seminis.

92 733 266 753 Resolutiones.
281 733 324 752 Erffi
339 734 405 752 Patres
414 733 433 751 S.
443 733 515 758 Congr.
528 733 567 752 EE.
578 738 598 752 et
607 734 654 755 RR..
666 734 726 753 omni-

56 763 89 782 bus
103 769 177 783 mature
191 765 288 785 discussis.
304 764 335 783 die
353 765 375 783 18
392 765 473 783 Ianuarii
487 770 535 788 1907
546 765 696 789 responderunt:

93 795 126 813 Ad
141 796 147 814 1
163 800 182 814 et
196 796 218 814 11.
234 796 383 814 Probabitionem
399 796 418 814 S.
437 796 457 814 C.
477 796 610 820 Epis-caporum
628 799 645 814 at
663 797 724 821 Regu-

56 826 127 844 lan'um
145 826 186 845 diei
201 832 215 852 9
229 827 278 845 Nozv.
293 832 344 852 1591
361 828 381 845 in
402 827 522 848 Tirasonen.,
543 834 590 851 quae
610 827 726 851 rqfaerebatur

57 858 181 876 tantummodo
194 858 221 876 ad
232 858 395 882 confraternitates
408 859 472 877 stricta
481 865 535 877 sensu
549 861 629 883 acceptas
644 859 665 877 in
674 859 725 877 eccle-

56 889 89 907 siis
103 889 247 913 Religwsarum
261 892 344 908 votorum
358 889 476 910 solemnium,
487 890 548 908 valen
561 890 618 908 etiam
623 893 661 914 pro
674 891 725 909 cccle-

57 920 89 938 siis
109 927 195 938 sororum
215 923 300 939 vatorum
321 920 444 944 simplicium*
464 920 519 943 Quod
535 927 577 939 vero
594 921 662 939 animi
678 921 725 945 pias

57 952 188 971 associationes,
211 958 259 976 quac
277 954 350 970 tantum
371 958 395 969 ex
414 951 526 970 mulieribus
544 952 650 973 coalescunt,
672 952 726 970 nihil

58 982 125 1001 absum
137 983 238 1007 quominus
257 983 278 1001 in
294 983 398 1007 praedictis
418 983 503 1003 ecclaesiis,
520 984 600 1001 strvatis
619 984 723 1004 servandis,

58 1014 106 1038 ‘'²25‘'
114 1014 194 1038 possint.
210 1014 236 1032 Si
247 1020 289 1032 vem
298 1017 370 1039 agatur
383 1014 404 1032 da
409 1014 451 1038 piis
460 1015 612 1033 associationibus
626 1015 724 1039 utrimque

58 1050 110 1063 ητις
123 1045 224 1070 mgundis.
239 1052 268 1064 res
278 1046 384 1064 remittitur
389 1045 484 1069 prudmti
490 1046 571 1064 arbitrio
579 1048 597 1064 et
605 1046 724 1064 conscicntia«

59 1075 212 1097 ordinariorum,
226 1083 306 1101 quorum
320 1077 358 1095 erit
371 1076 446 1095 assidue
459 1076 567 1101 advigilare
581 1079 603 1095 ut
614 1077 678 1095 omnia
687 1077 725 1095 rite

59 1110 134 1132 mleque
143 1107 250 1132 procedant.

257 1146 521 1159 —<>O<>G<>-—
