<?xml version="1.0" encoding="UTF-8"?>
<!DOCTYPE html PUBLIC "-//W3C//DTD XHTML 1.0 Transitional//EN"
    "http://www.w3.org/TR/xhtml1/DTD/xhtml1-transitional.dtd">
<html xmlns="http://www.w3.org/1999/xhtml" xml:lang="en" lang="en">
 <head>
  <title>
</title>
<meta http-equiv="Content-Type" content="text/html;charset=utf-8" />
  <meta name='ocr-system' content='tesseract 3.04.00' />
  <meta name='ocr-capabilities' content='ocr_page ocr_carea ocr_par ocr_line ocrx_word'/>
</head>
<body>
  <div class='ocr_page' id='page_1' title='image "actasanctaesedi05unkngoog_0070.png"; bbox 0 0 915 1302; ppageno 0'>
   <div class='ocr_carea' id='block_1_1' title="bbox 139 61 665 103">
    <p class='ocr_par' dir='ltr' id='par_1_1' title="bbox 139 61 665 103">
     <span class='ocr_line' id='line_1_1' title="bbox 139 61 665 103; baseline 0.002 -2"><span class='ocrx_word' id='word_1_1' title='bbox 139 61 249 102; x_wconf 89' lang='lat' dir='ltr'><strong>ACTA</strong></span> <span class='ocrx_word' id='word_1_2' title='bbox 272 61 424 102; x_wconf 88' lang='lat' dir='ltr'>ROMANI</span> <span class='ocrx_word' id='word_1_3' title='bbox 447 61 665 103; x_wconf 78' lang='lat' dir='ltr'><strong>PONTIFICIS</strong></span> 
     </span>
    </p>
   </div>
   <div class='ocr_carea' id='block_1_2' title="bbox 211 152 593 173">
    <p class='ocr_par' dir='ltr' id='par_1_2' title="bbox 211 152 593 173">
     <span class='ocr_line' id='line_1_2' title="bbox 211 152 593 173; baseline 0.003 -1"><span class='ocrx_word' id='word_1_4' title='bbox 211 152 322 172; x_wconf 76' lang='lat' dir='ltr'>errER</span> <span class='ocrx_word' id='word_1_5' title='bbox 326 152 368 172; x_wconf 83' lang='grc' dir='ltr'>ΑΕ</span> <span class='ocrx_word' id='word_1_6' title='bbox 379 152 593 173; x_wconf 84' lang='lat' dir='ltr'><strong>APOSTOLICAE</strong></span> 
     </span>
    </p>
   </div>
   <div class='ocr_carea' id='block_1_3' title="bbox 63 197 738 246">
    <p class='ocr_par' dir='ltr' id='par_1_3' title="bbox 63 197 738 246">
     <span class='ocr_line' id='line_1_3' title="bbox 63 197 738 220; baseline 0.001 -6"><span class='ocrx_word' id='word_1_7' title='bbox 63 197 140 220; x_wconf 72' lang='lat' dir='ltr'>Quibus</span> <span class='ocrx_word' id='word_1_8' title='bbox 151 197 198 215; x_wconf 71' lang='lat' dir='ltr'>Pius</span> <span class='ocrx_word' id='word_1_9' title='bbox 209 197 244 214; x_wconf 75' lang='lat'>1²1³.</span> <span class='ocrx_word' id='word_1_10' title='bbox 252 198 273 214; x_wconf 80' lang='lat' dir='ltr'>X</span> <span class='ocrx_word' id='word_1_11' title='bbox 284 198 407 219; x_wconf 72' lang='lat' dir='ltr'>conqueritur</span> <span class='ocrx_word' id='word_1_12' title='bbox 414 198 438 215; x_wconf 81' lang='lat' dir='ltr'>de</span> <span class='ocrx_word' id='word_1_13' title='bbox 445 198 551 215; x_wconf 75' lang='lat' dir='ltr'>hostilibus</span> <span class='ocrx_word' id='word_1_14' title='bbox 558 198 676 219; x_wconf 76' lang='lat' dir='ltr'>reipublicae</span> <span class='ocrx_word' id='word_1_15' title='bbox 688 198 738 215; x_wconf 84' lang='lat' dir='ltr'>Bou·</span> 
     </span>
     <span class='ocr_line' id='line_1_4' title="bbox 110 224 448 246; baseline 0 -5"><span class='ocrx_word' id='word_1_16' title='bbox 110 225 184 242; x_wconf 68' lang='lat' dir='ltr'>vianae</span> <span class='ocrx_word' id='word_1_17' title='bbox 196 225 216 241; x_wconf 84' lang='lat' dir='ltr'>in</span> <span class='ocrx_word' id='word_1_18' title='bbox 226 224 349 246; x_wconf 74' lang='lat' dir='ltr'>Religionem</span> <span class='ocrx_word' id='word_1_19' title='bbox 360 225 448 242; x_wconf 74' lang='lat' dir='ltr'>ausibus.</span> 
     </span>
    </p>
   </div>
   <div class='ocr_carea' id='block_1_4' title="bbox 206 275 601 319">
    <p class='ocr_par' dir='ltr' id='par_1_4' title="bbox 206 275 601 319">
     <span class='ocr_line' id='line_1_5' title="bbox 268 275 535 289; baseline 0 -1"><span class='ocrx_word' id='word_1_20' title='bbox 268 275 417 289; x_wconf 66' lang='lat' dir='ltr'>VENERABILIBUS</span> <span class='ocrx_word' id='word_1_21' title='bbox 431 276 535 289; x_wconf 70' lang='lat' dir='ltr'>FRATRIBUS</span> 
     </span>
     <span class='ocr_line' id='line_1_6' title="bbox 206 306 601 319; baseline 0 -1"><span class='ocrx_word' id='word_1_22' title='bbox 206 306 355 319; x_wconf 73' lang='lat' dir='ltr'>ARCfflEPISCOFo</span> <span class='ocrx_word' id='word_1_23' title='bbox 366 306 390 319; x_wconf 75' lang='grc' dir='ltr'>ΕΤ</span> <span class='ocrx_word' id='word_1_24' title='bbox 405 306 498 319; x_wconf 69' lang='lat'>131218001&#39;18</span> <span class='ocrx_word' id='word_1_25' title='bbox 512 306 601 319; x_wconf 71' lang='lat' dir='ltr'>EOLWIAE</span> 
     </span>
    </p>
   </div>
   <div class='ocr_carea' id='block_1_5' title="bbox 93 348 716 408">
    <p class='ocr_par' dir='ltr' id='par_1_5' title="bbox 93 348 716 408">
     <span class='ocr_line' id='line_1_7' title="bbox 333 348 473 367; baseline 0 0"><span class='ocrx_word' id='word_1_26' title='bbox 333 348 388 367; x_wconf 84' lang='lat' dir='ltr'>PIUS</span> <span class='ocrx_word' id='word_1_27' title='bbox 403 348 437 367; x_wconf 87' lang='grc' dir='ltr'>ΡΡ.</span> <span class='ocrx_word' id='word_1_28' title='bbox 453 348 473 367; x_wconf 90' lang='lat' dir='ltr'>X</span> 
     </span>
     <span class='ocr_line' id='line_1_8' title="bbox 93 384 716 408; baseline 0 -5"><span class='ocrx_word' id='word_1_29' title='bbox 93 384 213 403; x_wconf 67' lang='lat' dir='ltr'>erabiles</span> <span class='ocrx_word' id='word_1_30' title='bbox 221 384 307 405; x_wconf 72' lang='lat' dir='ltr'>Fratres,</span> <span class='ocrx_word' id='word_1_31' title='bbox 317 384 396 402; x_wconf 72' lang='lat' dir='ltr'>salutem</span> <span class='ocrx_word' id='word_1_32' title='bbox 405 387 422 402; x_wconf 72' lang='lat' dir='ltr'>ct</span> <span class='ocrx_word' id='word_1_33' title='bbox 430 384 559 408; x_wconf 78' lang='lat' dir='ltr'>Apostolicam</span> <span class='ocrx_word' id='word_1_34' title='bbox 568 384 716 403; x_wconf 70' lang='lat' dir='ltr'><em>benedictionem.</em></span> 
     </span>
    </p>
   </div>
   <div class='ocr_carea' id='block_1_6' title="bbox 65 432 766 1203">
    <p class='ocr_par' dir='ltr' id='par_1_6' title="bbox 65 432 766 1176">
     <span class='ocr_line' id='line_1_9' title="bbox 107 432 739 458; baseline -0.002 -6"><span class='ocrx_word' id='word_1_35' title='bbox 107 433 205 452; x_wconf 84' lang='lat' dir='ltr'>Afflictum</span> <span class='ocrx_word' id='word_1_36' title='bbox 220 433 340 458; x_wconf 79' lang='lat' dir='ltr'>propioribus</span> <span class='ocrx_word' id='word_1_37' title='bbox 354 433 478 452; x_wconf 80' lang='lat' dir='ltr'>acerbitatum</span> <span class='ocrx_word' id='word_1_38' title='bbox 493 433 574 454; x_wconf 80' lang='lat' dir='ltr'>caussis,</span> <span class='ocrx_word' id='word_1_39' title='bbox 590 432 679 457; x_wconf 80' lang='lat' dir='ltr'>equidem</span> <span class='ocrx_word' id='word_1_40' title='bbox 695 432 739 451; x_wconf 86' lang='lat' dir='ltr'>veli-</span> 
     </span>
     <span class='ocr_line' id='line_1_10' title="bbox 65 463 739 485; baseline -0.001 -2"><span class='ocrx_word' id='word_1_41' title='bbox 65 471 110 483; x_wconf 85' lang='lat' dir='ltr'>mus</span> <span class='ocrx_word' id='word_1_42' title='bbox 124 464 209 483; x_wconf 81' lang='lat' dir='ltr'>animum</span> <span class='ocrx_word' id='word_1_43' title='bbox 223 464 314 483; x_wconf 83' lang='lat' dir='ltr'>Nostrum</span> <span class='ocrx_word' id='word_1_44' title='bbox 328 464 469 483; x_wconf 83' lang='lat' dir='ltr'>communicare</span> <span class='ocrx_word' id='word_1_45' title='bbox 487 464 595 485; x_wconf 86' lang='lat' dir='ltr'>vobiscum,</span> <span class='ocrx_word' id='word_1_46' title='bbox 615 463 739 482; x_wconf 83' lang='lat' dir='ltr'>levandarum</span> 
     </span>
     <span class='ocr_line' id='line_1_11' title="bbox 65 495 741 520; baseline -0.001 -6"><span class='ocrx_word' id='word_1_47' title='bbox 65 502 156 514; x_wconf 83' lang='lat' dir='ltr'>curarum</span> <span class='ocrx_word' id='word_1_48' title='bbox 170 495 244 520; x_wconf 86' lang='lat' dir='ltr'>cupidi,</span> <span class='ocrx_word' id='word_1_49' title='bbox 259 495 385 520; x_wconf 77' lang='lat' dir='ltr'>solatiumque</span> <span class='ocrx_word' id='word_1_50' title='bbox 399 501 410 513; x_wconf 89' lang='lat' dir='ltr'>e</span> <span class='ocrx_word' id='word_1_51' title='bbox 425 495 486 519; x_wconf 85' lang='lat' dir='ltr'>patria</span> <span class='ocrx_word' id='word_1_52' title='bbox 500 499 571 516; x_wconf 82' lang='lat' dir='ltr'>vestra,</span> <span class='ocrx_word' id='word_1_53' title='bbox 590 495 645 519; x_wconf 85' lang='lat' dir='ltr'>quasi</span> <span class='ocrx_word' id='word_1_54' title='bbox 665 501 690 513; x_wconf 79' lang='lat' dir='ltr'>ex</span> <span class='ocrx_word' id='word_1_55' title='bbox 708 501 741 513; x_wconf 85' lang='lat' dir='ltr'>ex-</span> 
     </span>
     <span class='ocr_line' id='line_1_12' title="bbox 66 526 738 552; baseline -0.001 -7"><span class='ocrx_word' id='word_1_56' title='bbox 66 527 143 552; x_wconf 85' lang='lat' dir='ltr'>plorata</span> <span class='ocrx_word' id='word_1_57' title='bbox 156 526 254 552; x_wconf 79' lang='lat' dir='ltr'>religionis</span> <span class='ocrx_word' id='word_1_58' title='bbox 268 526 319 548; x_wconf 80' lang='lat' dir='ltr'>sede.</span> <span class='ocrx_word' id='word_1_59' title='bbox 335 526 417 551; x_wconf 81' lang='lat' dir='ltr'>petituri.</span> <span class='ocrx_word' id='word_1_60' title='bbox 433 526 510 548; x_wconf 80' lang='lat' dir='ltr'>Contra,</span> <span class='ocrx_word' id='word_1_61' title='bbox 523 526 591 545; x_wconf 83' lang='lat' dir='ltr'>vestris</span> <span class='ocrx_word' id='word_1_62' title='bbox 601 526 658 544; x_wconf 85' lang='lat' dir='ltr'>etiam</span> <span class='ocrx_word' id='word_1_63' title='bbox 669 526 687 544; x_wconf 90' lang='lat' dir='ltr'>in</span> <span class='ocrx_word' id='word_1_64' title='bbox 695 526 738 545; x_wconf 86' lang='lat' dir='ltr'>eivi—</span> 
     </span>
     <span class='ocr_line' id='line_1_13' title="bbox 68 557 766 582; baseline -0.001 -6"><span class='ocrx_word' id='word_1_65' title='bbox 68 559 117 579; x_wconf 89' lang='lat' dir='ltr'>bus,</span> <span class='ocrx_word' id='word_1_66' title='bbox 132 558 191 582; x_wconf 83' lang='lat' dir='ltr'>iisque</span> <span class='ocrx_word' id='word_1_67' title='bbox 206 558 288 576; x_wconf 79' lang='lat' dir='ltr'>maxime</span> <span class='ocrx_word' id='word_1_68' title='bbox 302 557 424 579; x_wconf 80' lang='lat' dir='ltr'>audentibus,</span> <span class='ocrx_word' id='word_1_69' title='bbox 439 558 471 582; x_wconf 92' lang='lat' dir='ltr'>qui</span> <span class='ocrx_word' id='word_1_70' title='bbox 491 564 533 576; x_wconf 85' lang='lat' dir='ltr'>cum</span> <span class='ocrx_word' id='word_1_71' title='bbox 552 557 667 581; x_wconf 81' lang='lat' dir='ltr'>reipublicae</span> <span class='ocrx_word' id='word_1_72' title='bbox 687 563 739 576; x_wconf 84' lang='lat' dir='ltr'>cura-</span> <span class='ocrx_word' id='word_1_73' title='bbox 764 564 766 566; x_wconf 86' lang='lat'>·</span> 
     </span>
     <span class='ocr_line' id='line_1_14' title="bbox 66 587 739 613; baseline -0.001 -7"><span class='ocrx_word' id='word_1_74' title='bbox 66 588 121 607; x_wconf 85' lang='lat' dir='ltr'>tione</span> <span class='ocrx_word' id='word_1_75' title='bbox 135 587 246 613; x_wconf 84' lang='lat' dir='ltr'>vigilantem</span> <span class='ocrx_word' id='word_1_76' title='bbox 261 588 318 606; x_wconf 84' lang='lat' dir='ltr'>etiam</span> <span class='ocrx_word' id='word_1_77' title='bbox 328 587 352 606; x_wconf 86' lang='lat' dir='ltr'>de</span> <span class='ocrx_word' id='word_1_78' title='bbox 367 587 459 612; x_wconf 85' lang='lat' dir='ltr'>spirituali</span> <span class='ocrx_word' id='word_1_79' title='bbox 473 588 525 606; x_wconf 84' lang='lat' dir='ltr'>bono</span> <span class='ocrx_word' id='word_1_80' title='bbox 538 587 603 606; x_wconf 83' lang='lat' dir='ltr'>fovere</span> <span class='ocrx_word' id='word_1_81' title='bbox 617 587 700 606; x_wconf 88' lang='lat' dir='ltr'>debeant</span> <span class='ocrx_word' id='word_1_82' title='bbox 713 587 739 605; x_wconf 90' lang='lat' dir='ltr'>in-</span> 
     </span>
     <span class='ocr_line' id='line_1_15' title="bbox 66 618 740 643; baseline -0.001 -5"><span class='ocrx_word' id='word_1_83' title='bbox 66 619 170 641; x_wconf 85' lang='lat' dir='ltr'>dustriam,</span> <span class='ocrx_word' id='word_1_84' title='bbox 191 625 229 638; x_wconf 87' lang='lat' dir='ltr'>non</span> <span class='ocrx_word' id='word_1_85' title='bbox 248 618 341 637; x_wconf 83' lang='lat' dir='ltr'>modicam</span> <span class='ocrx_word' id='word_1_86' title='bbox 359 618 465 643; x_wconf 89' lang='lat' dir='ltr'>reperimus</span> <span class='ocrx_word' id='word_1_87' title='bbox 484 618 613 637; x_wconf 81' lang='lat' dir='ltr'>molestiarum</span> <span class='ocrx_word' id='word_1_88' title='bbox 632 618 740 637; x_wconf 85' lang='lat' dir='ltr'>intimarum</span> 
     </span>
     <span class='ocr_line' id='line_1_16' title="bbox 68 649 739 676; baseline -0.001 -7"><span class='ocrx_word' id='word_1_89' title='bbox 68 655 162 676; x_wconf 79' lang='lat' dir='ltr'>segetem.</span> <span class='ocrx_word' id='word_1_90' title='bbox 178 650 229 669; x_wconf 84' lang='lat' dir='ltr'>unde</span> <span class='ocrx_word' id='word_1_91' title='bbox 243 650 299 675; x_wconf 81' lang='lat' dir='ltr'>piane</span> <span class='ocrx_word' id='word_1_92' title='bbox 314 650 375 669; x_wconf 86' lang='lat' dir='ltr'>Nobis</span> <span class='ocrx_word' id='word_1_93' title='bbox 387 649 496 669; x_wconf 87' lang='lat' dir='ltr'>sollicitudo</span> <span class='ocrx_word' id='word_1_94' title='bbox 503 650 613 669; x_wconf 84' lang='lat' dir='ltr'>cumuletur.</span> <span class='ocrx_word' id='word_1_95' title='bbox 630 650 679 668; x_wconf 90' lang='lat' dir='ltr'>Nam</span> <span class='ocrx_word' id='word_1_96' title='bbox 690 656 739 674; x_wconf 89' lang='lat' dir='ltr'>quae</span> 
     </span>
     <span class='ocr_line' id='line_1_17' title="bbox 67 681 739 706; baseline -0.001 -6"><span class='ocrx_word' id='word_1_97' title='bbox 67 682 87 700; x_wconf 94' lang='lat' dir='ltr'>in</span> <span class='ocrx_word' id='word_1_98' title='bbox 101 686 222 700; x_wconf 81' lang='lat' dir='ltr'>antecessum</span> <span class='ocrx_word' id='word_1_99' title='bbox 238 681 289 700; x_wconf 82' lang='lat' dir='ltr'>natio</span> <span class='ocrx_word' id='word_1_100' title='bbox 304 688 342 700; x_wconf 90' lang='lat' dir='ltr'>non</span> <span class='ocrx_word' id='word_1_101' title='bbox 357 681 413 700; x_wconf 83' lang='lat' dir='ltr'>alium</span> <span class='ocrx_word' id='word_1_102' title='bbox 428 681 503 706; x_wconf 84' lang='lat' dir='ltr'>publice</span> <span class='ocrx_word' id='word_1_103' title='bbox 518 681 589 700; x_wconf 85' lang='lat' dir='ltr'>cultum</span> <span class='ocrx_word' id='word_1_104' title='bbox 608 681 643 699; x_wconf 88' lang='lat' dir='ltr'>nisi</span> <span class='ocrx_word' id='word_1_105' title='bbox 662 681 739 700; x_wconf 78' lang='lat' dir='ltr'>catholi-</span> 
     </span>
     <span class='ocr_line' id='line_1_18' title="bbox 67 712 740 737; baseline -0.001 -6"><span class='ocrx_word' id='word_1_106' title='bbox 67 719 118 734; x_wconf 79' lang='lat' dir='ltr'>cum,</span> <span class='ocrx_word' id='word_1_107' title='bbox 134 719 169 737; x_wconf 87' lang='lat' dir='ltr'>pro</span> <span class='ocrx_word' id='word_1_108' title='bbox 182 712 298 737; x_wconf 83' lang='lat' dir='ltr'>reipublicae</span> <span class='ocrx_word' id='word_1_109' title='bbox 312 713 407 734; x_wconf 81' lang='lat' dir='ltr'>institutis,</span> <span class='ocrx_word' id='word_1_110' title='bbox 422 713 551 737; x_wconf 80' lang='lat' dir='ltr'>agnoscebat,</span> <span class='ocrx_word' id='word_1_111' title='bbox 570 719 593 731; x_wconf 89' lang='lat' dir='ltr'>ea</span> <span class='ocrx_word' id='word_1_112' title='bbox 611 713 629 731; x_wconf 89' lang='lat' dir='ltr'>in</span> <span class='ocrx_word' id='word_1_113' title='bbox 644 712 740 737; x_wconf 79' lang='lat' dir='ltr'>praesenti</span> 
     </span>
     <span class='ocr_line' id='line_1_19' title="bbox 67 744 741 768; baseline 0 -6"><span class='ocrx_word' id='word_1_114' title='bbox 67 744 181 765; x_wconf 85' lang='lat' dir='ltr'>libertatem,</span> <span class='ocrx_word' id='word_1_115' title='bbox 196 750 254 768; x_wconf 89' lang='lat' dir='ltr'>quarn</span> <span class='ocrx_word' id='word_1_116' title='bbox 263 744 333 765; x_wconf 79' lang='lat' dir='ltr'>dicunt,</span> <span class='ocrx_word' id='word_1_117' title='bbox 345 744 428 762; x_wconf 91' lang='lat' dir='ltr'>cultuum</span> <span class='ocrx_word' id='word_1_118' title='bbox 438 744 517 765; x_wconf 80' lang='lat' dir='ltr'>sancire,</span> <span class='ocrx_word' id='word_1_119' title='bbox 531 744 613 768; x_wconf 87' lang='lat' dir='ltr'>ideoque</span> <span class='ocrx_word' id='word_1_120' title='bbox 627 744 741 768; x_wconf 83' lang='lat' dir='ltr'>pravitatum</span> 
     </span>
     <span class='ocr_line' id='line_1_20' title="bbox 67 775 740 800; baseline -0.001 -6"><span class='ocrx_word' id='word_1_121' title='bbox 67 781 145 800; x_wconf 83' lang='lat' dir='ltr'>quoque</span> <span class='ocrx_word' id='word_1_122' title='bbox 161 775 293 800; x_wconf 75' lang='lat' dir='ltr'>religiosarum</span> <span class='ocrx_word' id='word_1_123' title='bbox 312 775 453 794; x_wconf 79' lang='lat' dir='ltr'>observantiam</span> <span class='ocrx_word' id='word_1_124' title='bbox 473 775 582 800; x_wconf 82' lang='lat' dir='ltr'>permittere</span> <span class='ocrx_word' id='word_1_125' title='bbox 601 781 638 793; x_wconf 84' lang='lat' dir='ltr'>non</span> <span class='ocrx_word' id='word_1_126' title='bbox 653 775 740 796; x_wconf 66' lang='lat' dir='ltr'>dubitatz</span> 
     </span>
     <span class='ocr_line' id='line_1_21' title="bbox 67 806 741 831; baseline 0 -6"><span class='ocrx_word' id='word_1_127' title='bbox 67 806 98 825; x_wconf 86' lang='lat' dir='ltr'>vel</span> <span class='ocrx_word' id='word_1_128' title='bbox 113 806 156 831; x_wconf 85' lang='lat' dir='ltr'>ipso</span> <span class='ocrx_word' id='word_1_129' title='bbox 170 806 194 825; x_wconf 89' lang='lat' dir='ltr'>de</span> <span class='ocrx_word' id='word_1_130' title='bbox 208 806 290 825; x_wconf 73' lang='lat' dir='ltr'>civitatis</span> <span class='ocrx_word' id='word_1_131' title='bbox 303 806 396 831; x_wconf 82' lang='lat' dir='ltr'>religione</span> <span class='ocrx_word' id='word_1_132' title='bbox 411 807 505 831; x_wconf 83' lang='lat' dir='ltr'>abrogato</span> <span class='ocrx_word' id='word_1_133' title='bbox 524 807 597 831; x_wconf 86' lang='lat' dir='ltr'>capite:</span> <span class='ocrx_word' id='word_1_134' title='bbox 617 813 666 831; x_wconf 82' lang='lat' dir='ltr'>quae</span> <span class='ocrx_word' id='word_1_135' title='bbox 684 811 741 825; x_wconf 90' lang='lat' dir='ltr'>antea</span> 
     </span>
     <span class='ocr_line' id='line_1_22' title="bbox 68 837 742 861; baseline 0.001 -6"><span class='ocrx_word' id='word_1_136' title='bbox 68 837 157 855; x_wconf 88' lang='lat' dir='ltr'>meritam</span> <span class='ocrx_word' id='word_1_137' title='bbox 171 837 274 856; x_wconf 85' lang='lat' dir='ltr'>characteri</span> <span class='ocrx_word' id='word_1_138' title='bbox 289 844 343 856; x_wconf 84' lang='lat' dir='ltr'>sacro</span> <span class='ocrx_word' id='word_1_139' title='bbox 358 837 491 856; x_wconf 84' lang='lat' dir='ltr'>verecundiam</span> <span class='ocrx_word' id='word_1_140' title='bbox 506 837 621 859; x_wconf 80' lang='lat' dir='ltr'>custodiens,</span> <span class='ocrx_word' id='word_1_141' title='bbox 637 837 677 858; x_wconf 84' lang='lat' dir='ltr'>sori,</span> <span class='ocrx_word' id='word_1_142' title='bbox 690 837 742 861; x_wconf 89' lang='lat' dir='ltr'>quod</span> 
     </span>
     <span class='ocr_line' id='line_1_23' title="bbox 67 869 741 893; baseline 0 -6"><span class='ocrx_word' id='word_1_143' title='bbox 67 869 127 890; x_wconf 80' lang='lat' dir='ltr'>aiunt,</span> <span class='ocrx_word' id='word_1_144' title='bbox 142 869 281 888; x_wconf 87' lang='lat' dir='ltr'>immunitatem</span> <span class='ocrx_word' id='word_1_145' title='bbox 295 869 406 888; x_wconf 84' lang='lat' dir='ltr'>clericorum</span> <span class='ocrx_word' id='word_1_146' title='bbox 420 869 481 888; x_wconf 91' lang='lat' dir='ltr'>ordini</span> <span class='ocrx_word' id='word_1_147' title='bbox 496 869 610 888; x_wconf 87' lang='lat' dir='ltr'>incolumem</span> <span class='ocrx_word' id='word_1_148' title='bbox 626 869 741 893; x_wconf 79' lang='lat' dir='ltr'>praestabat,</span> 
     </span>
     <span class='ocr_line' id='line_1_24' title="bbox 68 900 741 925; baseline 0 -6"><span class='ocrx_word' id='word_1_149' title='bbox 68 906 92 919; x_wconf 88' lang='lat' dir='ltr'>ea</span> <span class='ocrx_word' id='word_1_150' title='bbox 107 906 162 922; x_wconf 89' lang='lat' dir='ltr'>nunc,</span> <span class='ocrx_word' id='word_1_151' title='bbox 178 904 246 925; x_wconf 82' lang='lat' dir='ltr'>rogata</span> <span class='ocrx_word' id='word_1_152' title='bbox 260 901 279 919; x_wconf 87' lang='lat' dir='ltr'>in</span> <span class='ocrx_word' id='word_1_153' title='bbox 293 901 375 919; x_wconf 84' lang='lat' dir='ltr'>comitiis</span> <span class='ocrx_word' id='word_1_154' title='bbox 389 900 437 925; x_wconf 70' lang='lat' dir='ltr'>lege,</span> <span class='ocrx_word' id='word_1_155' title='bbox 453 900 501 919; x_wconf 89' lang='lat' dir='ltr'>velle</span> <span class='ocrx_word' id='word_1_156' title='bbox 511 907 553 919; x_wconf 84' lang='lat' dir='ltr'>sese</span> <span class='ocrx_word' id='word_1_157' title='bbox 567 900 657 919; x_wconf 89' lang='lat' dir='ltr'>traditum</span> <span class='ocrx_word' id='word_1_158' title='bbox 672 900 741 919; x_wconf 82' lang='lat' dir='ltr'>hierar-</span> 
     </span>
     <span class='ocr_line' id='line_1_25' title="bbox 68 931 742 956; baseline 0 -6"><span class='ocrx_word' id='word_1_159' title='bbox 68 932 123 950; x_wconf 80' lang='lat' dir='ltr'>chiae</span> <span class='ocrx_word' id='word_1_160' title='bbox 142 931 262 956; x_wconf 82' lang='lat' dir='ltr'>privilegium</span> <span class='ocrx_word' id='word_1_161' title='bbox 280 932 395 956; x_wconf 85' lang='lat' dir='ltr'>posthabere</span> <span class='ocrx_word' id='word_1_162' title='bbox 414 932 512 956; x_wconf 81' lang='lat' dir='ltr'>patefacit:</span> <span class='ocrx_word' id='word_1_163' title='bbox 532 938 580 956; x_wconf 89' lang='lat' dir='ltr'>quae</span> <span class='ocrx_word' id='word_1_164' title='bbox 599 931 681 956; x_wconf 87' lang='lat' dir='ltr'>denique</span> <span class='ocrx_word' id='word_1_165' title='bbox 695 932 742 950; x_wconf 82' lang='lat' dir='ltr'>chri-</span> 
     </span>
     <span class='ocr_line' id='line_1_26' title="bbox 69 962 742 988; baseline 0 -7"><span class='ocrx_word' id='word_1_166' title='bbox 69 963 125 981; x_wconf 78' lang='lat' dir='ltr'>stiani</span> <span class='ocrx_word' id='word_1_167' title='bbox 140 962 255 981; x_wconf 52' lang='lat' dir='ltr'>matrimonii</span> <span class='ocrx_word' id='word_1_168' title='bbox 269 962 352 981; x_wconf 83' lang='lat' dir='ltr'>indolem</span> <span class='ocrx_word' id='word_1_169' title='bbox 367 969 388 981; x_wconf 79' lang='lat' dir='ltr'>ac</span> <span class='ocrx_word' id='word_1_170' title='bbox 402 962 516 988; x_wconf 84' lang='lat' dir='ltr'>dignitatem</span> <span class='ocrx_word' id='word_1_171' title='bbox 533 963 592 987; x_wconf 89' lang='lat' dir='ltr'>probe</span> <span class='ocrx_word' id='word_1_172' title='bbox 606 966 679 983; x_wconf 85' lang='lat' dir='ltr'>tenens,</span> <span class='ocrx_word' id='word_1_173' title='bbox 696 962 742 981; x_wconf 87' lang='lat' dir='ltr'>nati-</span> 
     </span>
     <span class='ocr_line' id='line_1_27' title="bbox 68 994 742 1019; baseline 0.001 -7"><span class='ocrx_word' id='word_1_174' title='bbox 68 1000 113 1012; x_wconf 86' lang='lat' dir='ltr'>vum</span> <span class='ocrx_word' id='word_1_175' title='bbox 128 994 264 1019; x_wconf 85' lang='lat' dir='ltr'>propriumque</span> <span class='ocrx_word' id='word_1_176' title='bbox 278 994 376 1013; x_wconf 85' lang='lat' dir='ltr'>Ecclesiae</span> <span class='ocrx_word' id='word_1_177' title='bbox 391 995 408 1012; x_wconf 89' lang='lat' dir='ltr'>in</span> <span class='ocrx_word' id='word_1_178' title='bbox 420 994 564 1013; x_wconf 81' lang='lat' dir='ltr'>christianorum</span> <span class='ocrx_word' id='word_1_179' title='bbox 574 994 663 1019; x_wconf 82' lang='lat' dir='ltr'>coniugia</span> <span class='ocrx_word' id='word_1_180' title='bbox 673 994 702 1013; x_wconf 85' lang='lat' dir='ltr'>ius</span> <span class='ocrx_word' id='word_1_181' title='bbox 711 1000 742 1013; x_wconf 82' lang='lat' dir='ltr'>ve-</span> 
     </span>
     <span class='ocr_line' id='line_1_28' title="bbox 69 1025 743 1050; baseline 0.001 -7"><span class='ocrx_word' id='word_1_182' title='bbox 69 1025 156 1046; x_wconf 80' lang='lat' dir='ltr'>rebatur,</span> <span class='ocrx_word' id='word_1_183' title='bbox 171 1032 195 1043; x_wconf 89' lang='lat' dir='ltr'>ea</span> <span class='ocrx_word' id='word_1_184' title='bbox 208 1025 266 1044; x_wconf 82' lang='lat' dir='ltr'>modo</span> <span class='ocrx_word' id='word_1_185' title='bbox 281 1032 375 1050; x_wconf 85' lang='lat' dir='ltr'>occupare</span> <span class='ocrx_word' id='word_1_186' title='bbox 389 1025 461 1044; x_wconf 75' lang='lat' dir='ltr'>nefario</span> <span class='ocrx_word' id='word_1_187' title='bbox 474 1031 521 1044; x_wconf 84' lang='lat' dir='ltr'>ausu</span> <span class='ocrx_word' id='word_1_188' title='bbox 536 1025 585 1044; x_wconf 88' lang='lat' dir='ltr'>hanc</span> <span class='ocrx_word' id='word_1_189' title='bbox 599 1025 671 1049; x_wconf 85' lang='lat' dir='ltr'>privam</span> <span class='ocrx_word' id='word_1_190' title='bbox 687 1025 743 1044; x_wconf 86' lang='lat' dir='ltr'>unius</span> 
     </span>
     <span class='ocr_line' id='line_1_29' title="bbox 69 1056 741 1081; baseline 0 -6"><span class='ocrx_word' id='word_1_191' title='bbox 69 1056 168 1075; x_wconf 82' lang='lat' dir='ltr'>Ecclesiae</span> <span class='ocrx_word' id='word_1_192' title='bbox 181 1061 297 1081; x_wconf 77' lang='lat' dir='ltr'>potestatem</span> <span class='ocrx_word' id='word_1_193' title='bbox 314 1057 422 1078; x_wconf 86' lang='lat' dir='ltr'>contendit.</span> <span class='ocrx_word' id='word_1_194' title='bbox 441 1061 461 1075; x_wconf 86' lang='lat' dir='ltr'>et</span> <span class='ocrx_word' id='word_1_195' title='bbox 477 1056 546 1078; x_wconf 82' lang='lat' dir='ltr'>civilis,</span> <span class='ocrx_word' id='word_1_196' title='bbox 561 1057 613 1081; x_wconf 92' lang='lat' dir='ltr'>quod</span> <span class='ocrx_word' id='word_1_197' title='bbox 633 1057 741 1078; x_wconf 82' lang='lat' dir='ltr'>nominant,</span> 
     </span>
     <span class='ocr_line' id='line_1_30' title="bbox 69 1088 742 1113; baseline 0 -7"><span class='ocrx_word' id='word_1_198' title='bbox 69 1088 184 1107; x_wconf 87' lang='lat' dir='ltr'>matrimonii</span> <span class='ocrx_word' id='word_1_199' title='bbox 199 1088 323 1107; x_wconf 80' lang='lat' dir='ltr'>contrahendi</span> <span class='ocrx_word' id='word_1_200' title='bbox 338 1092 371 1107; x_wconf 88' lang='lat' dir='ltr'>aut</span> <span class='ocrx_word' id='word_1_201' title='bbox 388 1088 497 1107; x_wconf 79' lang='lat' dir='ltr'>facultatem</span> <span class='ocrx_word' id='word_1_202' title='bbox 512 1088 621 1113; x_wconf 88' lang='lat' dir='ltr'>permittere</span> <span class='ocrx_word' id='word_1_203' title='bbox 638 1092 671 1106; x_wconf 85' lang='lat' dir='ltr'>aut</span> <span class='ocrx_word' id='word_1_204' title='bbox 684 1089 742 1107; x_wconf 85' lang='lat' dir='ltr'>etiarn</span> 
     </span>
     <span class='ocr_line' id='line_1_31' title="bbox 69 1119 743 1144; baseline 0 -6"><span class='ocrx_word' id='word_1_205' title='bbox 69 1119 204 1138; x_wconf 73' lang='lat' dir='ltr'>necessitatem</span> <span class='ocrx_word' id='word_1_206' title='bbox 218 1119 280 1138; x_wconf 58' lang='lat' dir='ltr'>§acere</span> <span class='ocrx_word' id='word_1_207' title='bbox 294 1120 370 1144; x_wconf 81' lang='lat' dir='ltr'>cogitat.</span> <span class='ocrx_word' id='word_1_208' title='bbox 389 1120 429 1138; x_wconf 90' lang='lat' dir='ltr'>Vos</span> <span class='ocrx_word' id='word_1_209' title='bbox 443 1120 521 1144; x_wconf 85' lang='lat' dir='ltr'>quidem</span> <span class='ocrx_word' id='word_1_210' title='bbox 540 1120 659 1144; x_wconf 87' lang='lat' dir='ltr'>populusque</span> <span class='ocrx_word' id='word_1_211' title='bbox 674 1120 743 1139; x_wconf 89' lang='lat' dir='ltr'>intelli—</span> 
     </span>
     <span class='ocr_line' id='line_1_32' title="bbox 69 1150 743 1176; baseline 0 -7"><span class='ocrx_word' id='word_1_212' title='bbox 69 1151 116 1176; x_wconf 79' lang='lat' dir='ltr'>gitis</span> <span class='ocrx_word' id='word_1_213' title='bbox 130 1154 222 1175; x_wconf 82' lang='lat' dir='ltr'>quantum</span> <span class='ocrx_word' id='word_1_214' title='bbox 234 1151 252 1170; x_wconf 89' lang='lat' dir='ltr'>in</span> <span class='ocrx_word' id='word_1_215' title='bbox 263 1151 314 1169; x_wconf 80' lang='lat' dir='ltr'>hisce</span> <span class='ocrx_word' id='word_1_216' title='bbox 324 1151 399 1175; x_wconf 82' lang='lat' dir='ltr'>legibus</span> <span class='ocrx_word' id='word_1_217' title='bbox 409 1151 487 1169; x_wconf 88' lang='lat' dir='ltr'>iniuriae</span> <span class='ocrx_word' id='word_1_218' title='bbox 500 1150 523 1169; x_wconf 87' lang='lat' dir='ltr'>sit</span> <span class='ocrx_word' id='word_1_219' title='bbox 532 1151 551 1169; x_wconf 92' lang='lat' dir='ltr'>in</span> <span class='ocrx_word' id='word_1_220' title='bbox 562 1151 673 1172; x_wconf 81' lang='lat' dir='ltr'>Ecclesiam,</span> <span class='ocrx_word' id='word_1_221' title='bbox 685 1157 743 1176; x_wconf 87' lang='lat' dir='ltr'>quan-</span> 
     </span>
    </p>

    <p class='ocr_par' dir='ltr' id='par_1_7' title="bbox 124 1189 691 1203">
     <span class='ocr_line' id='line_1_33' title="bbox 124 1189 691 1203; baseline 0 -2"><span class='ocrx_word' id='word_1_222' title='bbox 124 1190 154 1201; x_wconf 66' lang='lat' dir='ltr'>Aell</span> <span class='ocrx_word' id='word_1_223' title='bbox 161 1190 174 1201; x_wconf 82' lang='lat' dir='ltr'>S.</span> <span class='ocrx_word' id='word_1_224' title='bbox 181 1189 220 1203; x_wconf 66' lang='lat' dir='ltr'>Sedis,</span> <span class='ocrx_word' id='word_1_225' title='bbox 228 1190 250 1201; x_wconf 83' lang='grc' dir='ltr'><strong><em>νοΙ.</em></strong></span> <span class='ocrx_word' id='word_1_226' title='bbox 258 1190 284 1203; x_wconf 78' lang='lat' dir='ltr'>XL,</span> <span class='ocrx_word' id='word_1_227' title='bbox 293 1190 325 1203; x_wconf 68' lang='lat' dir='ltr'>fau.</span> <span class='ocrx_word' id='word_1_228' title='bbox 333 1190 345 1201; x_wconf 73' lang='lat'>2.</span> <span class='ocrx_word' id='word_1_229' title='bbox 683 1191 691 1201; x_wconf 66' lang='lat' dir='ltr'>B</span> 
     </span>
    </p>
   </div>
  </div>
 </body>
</html>
