915 1302
186 58 191 68 ι
197 54 213 68 is·
478 53 557 72 Appendix

224 107 273 126 Cum
287 114 333 126 vero
347 108 366 126 in
375 107 460 126 ecclesiis
469 112 488 126 et
497 107 608 132 regionibus
618 107 723 131 Hispaniae
731 107 797 131 vigeat
810 112 852 125 con-

183 139 275 160 suetudo,
295 143 316 157 ut
334 138 401 157 diebus
420 138 543 157 Paschalibus
561 142 581 156 et
599 138 733 156 festivitatibus
751 137 853 156 maioribus

184 170 268 189 celebret
282 170 360 188 Missam
374 169 519 188 conventualem
528 169 615 188 Antistes
625 168 654 187 vel
664 168 701 187 alia
711 174 793 193 persona
804 168 853 193 prin-

183 201 255 226 cipalis,
270 204 290 219 et
304 200 371 225 regula.
384 200 467 219 Missalis
481 200 562 221 ordinet,
576 201 628 225 quod
642 200 731 218 omnibus
745 199 812 218 diebus
821 199 854 218 do-

185 232 259 251 minicis
273 232 320 250 infra
334 238 405 250 annum
419 231 514 253 sacerdos
530 232 561 256 qui
572 231 675 250 celebrabit
684 231 763 249 Missam
773 237 854 249 conven-

184 263 260 284 tualem,
280 267 336 282 exeat
353 267 397 281 ante
416 262 563 281 celebrationem
582 262 653 281 Missae
669 268 713 281 cum
731 262 808 286 pluviali
823 261 854 280 vel

184 301 246 319 cappa
260 299 279 313 et
293 301 336 313 eum
351 294 440 313 ministris
454 294 478 313 ad
492 293 622 318 incipiendum
636 294 655 312 in
669 293 723 312 altari
738 293 804 312 maiori
823 299 854 311 an-

184 326 282 351 tiphonam
296 326 397 350 Asper-ges,
412 329 431 344 et
445 325 586 350 aspergendum
606 331 656 349 aqua
674 324 775 344 benedicta
793 331 853 349 popu-

185 357 231 376 lum:
247 356 375 378 concedimus,
390 361 411 375 ut
424 357 511 375 Antistes
526 363 559 375 seu
569 356 605 375 alia
615 362 698 381 persona
706 355 816 381 principalis
825 362 854 375 ce-

184 387 260 407 lebrans
274 388 353 406 Missam
368 387 512 406 conventualem
526 387 630 412 praemissa
639 388 701 406 facere
711 393 749 406 non
761 391 853 408 teneatur,

185 419 218 438 sed
236 419 268 438 illa
286 419 348 438 facere
365 419 426 443 possit
443 418 522 443 quilibet
540 418 588 437 alius
606 418 687 443 simplex
706 418 795 437 sacerdos
813 418 855 437 eius

184 450 232 471 loco,
248 454 267 469 et
281 455 301 469 ut
315 450 358 469 talis
371 450 461 469 sacerdos
475 456 513 469 non
527 450 599 469 deferat
613 450 700 475 pluviale,
715 450 749 469 sed
763 450 825 469 albam
835 454 856 468 et

184 480 258 503 stolam,
273 481 303 500 vel
318 481 476 506 superpelliceum
490 485 509 500 et
524 481 597 502 stolam,
614 488 648 500 nec
666 481 758 506 procedat
773 481 855 500 associa-

184 516 215 531 tus
230 519 273 531 cum
288 512 382 533 ministris,
398 512 432 533 sed
446 512 507 530 solum
521 518 564 530 cum
579 512 677 536 acolythis.

226 543 279 561 Haec
293 547 357 562 autem
371 543 434 562 omnia
449 547 468 562 et
478 543 558 568 singula,
570 543 686 562 Breviarium
696 547 715 561 et
724 543 802 562 Missale
812 549 856 562 con-

185 574 287 595 cernentia,
302 580 336 599 per
350 574 409 593 felicis
423 574 559 593 recordationis
573 574 627 593 Pium
642 575 665 595 V,
680 579 699 593 et
713 575 754 593 Nos
763 580 856 593 concessa

185 612 220 630 pro
235 601 370 630 Hispaniarum
384 605 491 630 provinciis,
507 605 594 624 volumus
612 609 633 624 ut
650 605 779 630 intelligantur
797 605 856 624 etiam

185 643 277 655 concessa
291 636 376 655 ecclesiis
390 636 492 655 insularum
506 640 526 655 et
539 640 601 655 terrae
615 636 680 655 firmae
695 636 789 655 lndiarum
803 636 856 655 dicto

185 668 226 692 regi
241 667 340 686 Catholieo
355 667 486 686 subiectarum.
502 668 527 686 Et
541 668 617 692 insuper
631 668 737 688 statuimus,
752 671 773 686 ut
784 667 856 686 Missae

185 699 304 720 Sanctorum.
319 705 368 723 quae
383 699 435 717 iuxta
449 699 523 717 Motum
538 699 635 723 proprium
649 699 694 717 dicti
709 699 736 717 Pii
747 699 770 719 V,
781 699 800 717 in
811 699 857 717 Mis·

185 730 219 749 sa.li
233 730 321 749 Romano
336 730 355 748 in
370 730 466 754 Hispaniis
480 730 606 754 imprimendo
620 734 700 754 possunt
714 730 801 754 imprimi.
817 736 856 748 non

185 762 204 780 in
219 767 304 786 corpore,
320 761 354 779 sed
368 761 387 779 in
402 761 438 780 fine
453 761 498 779 dicti
508 761 590 779 Missalis
600 761 736 785 imprimantur.
752 761 777 779 Et
787 760 813 779 ita
822 767 857 785 per

185 797 296 817 praesentes
310 792 422 816 Apostoliea
436 792 547 811 auctoritate
561 792 685 813 declaramus,
696 792 802 813 statuimus,
813 798 858 810 eon-

186 823 271 842 cedimus
293 827 314 842 et
334 823 464 848 indulgemus:
489 829 526 842 non
547 823 667 842 obstantibus
688 823 797 848 praemissis
818 823 858 841 Lit-

185 852 231 874 ‘teris
245 854 397 879 praedecessoris
412 854 503 878 praedicti
517 854 536 872 in
551 854 647 873 Breviario
661 858 681 873 et
695 854 773 876 Missali,
788 861 810 873 ac
829 861 857 873 re·

185 886 236 910 gulis
250 886 284 904 sub
294 886 381 904 Rubricis
391 885 512 910 generalibus
522 892 564 904 cum
574 886 660 910 ipsismet
670 886 771 904 Breviariis
780 890 800 904 et
812 886 857 904 Mis-

186 916 257 935 salibus
270 916 368 941 impressis
378 923 412 935 nec
423 922 460 935 non
471 917 559 935 omnibus
572 921 592 935 et
601 916 681 941 singulis
693 917 712 935 in
722 917 750 935 eis
763 917 858 935 contentis

186 948 350 972 prohibitionibus,
370 947 463 969 clausulis,
483 948 639 972 derogationibus
659 952 678 966 et
696 948 786 966 decretis:
807 954 857 972 quae

185 979 250 998 omnia
265 979 305 998 Nos
319 979 343 997 ad
353 979 440 997 effectum
450 979 578 1003 praesentium
588 979 607 997 in
617 980 672 998 dictis
682 979 784 1004 provinciis
794 979 857 998 locum

186 1010 221 1028 sibi
237 1016 274 1029 non
288 1010 385 1029 vindicare
400 1010 527 1029 decernimus:
543 1016 565 1028 ac
579 1010 626 1032 aliis,
641 1016 691 1035 quae
705 1010 767 1029 dictus
779 1010 858 1035 praede-

186 1047 251 1060 cessor
265 1041 283 1060 in
298 1042 337 1060 suis
347 1041 423 1060 Litteris
432 1042 508 1060 obstare
519 1048 557 1060 non
566 1041 630 1063 voluit,
641 1042 746 1066 ceterisque
758 1041 858 1060 contrariis

185 1072 342 1096 quibuscumque.
358 1072 384 1091 Ut
398 1076 461 1091 autem
475 1077 586 1097 praesentes
600 1072 684 1092 Litterae
699 1073 786 1091 omnibus
804 1073 858 1091 inno-

185 1107 266 1124 tescant,
281 1104 373 1125 volumus,
388 1108 408 1122 et
422 1103 506 1122 districte
523 1103 658 1128 praecipiendo
676 1104 765 1122 omnibus
783 1108 803 1122 et
821 1104 858 1122 sin-
889 1102 891 1104 ’

185 1134 237 1159 gulis
250 1135 340 1153 librorum
356 1135 502 1159 impressoribus
519 1135 538 1153 in
556 1135 641 1159 partibus
658 1134 693 1153 illis
710 1135 858 1153 consistentibus
