915 1302
166 50 184 65 92
383 47 409 61 Er
419 47 434 61 s.
443 47 563 67 eongraegaafnnae
572 47 634 62 nomm

165 107 208 120 esse
221 101 342 120 interdictum
356 104 395 125 cap.
405 106 431 126 ²4
444 100 466 119 dc
480 101 617 125 simon„1qu0d
629 101 772 121 extendituriad
781 108 835 126 prae·

165 133 297 154 sentationem,
313 132 338 151 ad
352 132 497 154 institutionem,
512 132 536 151 ad
546 132 715 154 confirmationem.
726 132 751 151 ad
760 138 834 157 posses-

165 163 245 185 sionem,
260 168 280 182 et
293 164 318 182 ad
332 164 487 189 resignationem,
507 163 569 188 prouti
587 163 606 182 hi
625 167 680 182 actus
698 164 716 182 in
738 164 835 183 beneficiis

165 194 283 213 intercedere
297 195 416 213 usuveniunt.
432 194 471 213 Csr.
486 194 505 213 S.
514 194 626 219 Alphe-naus
636 195 697 219 (theol.
709 201 762 216 mor„
772 195 804 214 lib.
813 201 834 220 j.

166 232 184 244 n.
199 226 240 251 60),
256 226 334 251 Pirhing
348 226 388 251 (lib.
401 231 425 250 5,
440 227 470 245 tit.
482 231 503 250 j,
515 232 533 244 u.
549 228 592 251 79),
607 230 626 245 et
641 226 698 246 eard.
713 226 835 245 D'Annibale

166 258 247 280 (Summ.
262 258 315 277 theol.
331 264 383 279 mor„
398 258 431 276 lib.
443 263 465 282 j,
479 264 498 276 n.
508 262 545 282 412
559 258 580 276 in
594 260 643 278 nota,
659 264 677 276 n.
688 259 713 281 ι),
724 258 756 282 qui
771 258 836 277 obser-

165 293 207 308 vat:
233 296 242 307 «ι
252 289 309 308 Pacta
322 293 342 308 et
356 289 492 308 conventiones
505 288 547 307 heic
565 289 651 313 accipere
665 288 763 310 debemus,
785 295 835 313 quae

166 326 215 339 onus
223 326 257 339 seu
267 319 404 345 obligationem
419 320 524 345 imponunt,
539 326 589 344 quae
598 326 636 339 uon
646 320 695 339 inest
704 321 744 339 iure
754 324 787 339 aut
796 320 836 339 fun-

165 351 264 370 dationum
277 351 347 370 tabulis
360 358 378 370 ›.
394 351 480 370 Iamvero
493 350 586 375 obligatio
595 351 720 375 praesentatis
729 357 741 370 a
751 352 836 376 patronis

165 382 255 407 imposita
268 383 383 407 suscipiendi
397 382 485 401 nimirum
499 382 569 401 horum*
580 388 648 401 causas
662 386 681 401 et
693 382 731 401 litis
740 389 836 407 expensas

165 414 296 438 supportandi,
312 413 377 432 nullibi
391 420 403 432 a
417 414 457 432 iure
471 413 501 432 vel
515 419 526 431 a
545 413 675 432 fundationum
694 413 763 432 tabulis
782 420 836 438 prae-

165 445 256 469 scriptum
271 445 369 464 invenitur.

206 476 227 495 In
241 482 286 495 casu
301 476 359 501 igitur
372 476 460 501 quamvis
474 480 550 500 paetum
560 475 670 501 explicitum
680 480 699 495 et
708 476 786 495 formale
796 482 836 495 non

166 507 298 529 intercesserit,
314 507 373 526 adsuit
389 511 452 526 tamen
470 507 581 532 implicitum
595 511 615 525 et
630 507 715 528 virtuale,
730 507 781 532 quod
799 507 837 526 suf-

166 538 205 557 ficit
212 539 236 557 ad
243 539 336 557 simoniae
345 542 418 557 reatum
428 538 567 560 incurrendum,
578 538 604 557 uti
615 539 671 557 tradit
681 538 737 557 Card,
744 538 775 557 De
782 538 836 557 Luca

166 569 205 594 (De
214 569 277 593 bms„
287 569 331 588 disc.
342 575 384 594 127,
394 576 412 588 n.
423 569 450 595 2).
466 569 508 588 Hoc
522 573 597 588 constat
613 576 638 588 ex
656 569 705 588 facto
723 570 766 594 ipso
782 569 836 594 quod

166 601 339 626 praesentationem
353 601 447 625 sequitur;
469 605 489 619 ut
503 601 553 626 enim
567 601 615 620 haee
632 600 752 622 admittatur,
770 606 835 620 coram

165 632 217 651 curia
231 630 306 656 probari
320 632 378 651 debet
392 632 498 657 legitimum
512 632 541 650 ius
560 632 679 651 nominantis.
705 632 760 651 Unde
776 632 836 650 nomi-

166 667 222 682 natus
235 663 254 681 in
269 667 312 682 actu
327 664 369 688 ipso
383 663 518 685 nominationis
532 663 622 688 implicite
632 669 674 682 sese
684 663 758 688 obligat
768 663 792 682 ad
802 669 836 688 pa-

165 695 214 713 troni
229 694 258 713 ius
272 694 412 713 sustinendum:
428 701 477 719 quae
491 695 536 713 iuris
550 694 635 713 defensio
654 694 683 713 vel
703 694 835 719 comprobatio

165 725 184 744 in
199 725 274 747 iudicio,
289 732 332 744 curn
347 725 417 750 aliquid
431 726 537 750 temporale
551 726 580 747 sit,
596 725 663 744 merito
678 725 782 744 simoniaca
791 725 835 744 labe

165 757 234 775 insecta
248 761 341 775 censetur.
357 757 436 781 Insuper
450 757 497 775 haec
511 757 574 781 operis
588 757 691 781 praestatio
701 756 806 776 refunditur
816 757 834 775 in

158 788 287 807 *commodum
301 788 386 812 patroni:
402 788 440 806 iam
454 794 500 806 vero
514 788 539 806 ab
552 788 589 807 hae
602 788 622 807 S.
637 788 659 807 C.
675 788 791 812 prohibitum
805 792 835 807 est

166 819 267 838 occasione
280 819 387 838 collationis
401 819 486 838 beneficii
501 819 531 838 vel
545 819 703 844 praesentationis
713 819 784 844 aliquid
793 826 834 844 per-

166 850 213 869 solvi
227 850 278 875 quod
292 850 311 869 in
325 850 441 875 privatorum
455 850 556 869 utilitatem
569 850 635 872 cedat,
651 850 684 869 sed
701 854 775 869 tantum
793 857 835 875 per-

166 882 244 900 mittitur
261 882 302 900 eius
318 882 407 906 erogatio
423 882 441 900 in
458 882 500 906 pios
519 888 570 901 usus.
585 881 623 900 Csr.
637 882 754 900 Avenimun.
773 882 833 905 1586,

166 912 261 937 Sagobien.
279 919 298 931 11
311 912 352 931 Iulii
369 918 428 936 ¹590·
446 912 545 932 Cassancn.
562 919 572 936 ³
588 913 630 932 Dic.
649 913 706 936 1718;
722 917 741 931 et
756 913 835 931 Richter

166 944 246 969 (Adnot.
260 943 288 962 ad
302 944 353 962 Cone.
369 943 388 962 T
386 943 431 964 nd
442 950 483 962 sess.
494 949 525 968 24,
535 947 573 968 rap.
583 949 608 968 14
617 944 639 962 de
649 943 748 969 Κείων).

206 975 247 994 Nec
265 979 364 1000 regeratur
381 974 433 1000 quod
452 975 514 994 taliter
533 975 624 994 nominati
642 975 691 994 hanc
710 978 835 1000 patronorum

165 1007 211 1025 iuris
225 1007 324 1025 tuitionem
338 1011 433 1031 peragunt
447 1011 521 1025 tanturn
535 1013 560 1025 ex
578 1011 635 1032 grato
652 1007 710 1026 animi
729 1013 786 1025 sensu
804 1007 834 1026 vel

165 1038 191 1057 ad
204 1044 225 1056 se
239 1038 370 1057 redimendum
384 1038 408 1056 ab
423 1038 492 1056 iniusta
505 1038 613 1058 vexatione,
628 1038 678 1057 Sane
689 1044 725 1057 non
739 1038 789 1057 valet
800 1038 835 1063 pri·

166 1075 197 1087 ma
210 1069 265 1090 ratio,
279 1075 337 1093 quum
351 1069 375 1087 ab
389 1069 500 1088 Innocentio
515 1069 541 1087 XI
556 1069 646 1088 damnata
655 1069 689 1087 fuit
698 1075 779 1094 sequens
793 1076 835 1094 pro-

166 1100 245 1124 positio:
260 1107 269 1118 <
276 1100 328 1118 Dare
335 1099 440 1124 temporale
448 1106 483 1124 pro
490 1100 581 1126 spirituali
590 1106 627 1119 non
635 1104 664 1119 est
671 1100 752 1119 simonia
757 1101 834 1125 quando

165 1131 270 1156 temporale
285 1138 322 1150 non
337 1131 392 1149 datur
406 1135 503 1155 tamquam
517 1131 625 1156 pretium...
640 1131 669 1150 vel
683 1131 741 1150 etiam
755 1132 833 1156 quando
