915 1302
285 52 368 72 Mazarien.
379 56 393 67 el
405 53 472 67 Civitatis
483 53 532 67 Plebis
725 57 743 71 77

72 107 121 126 lares
135 113 177 126 esse
192 107 267 132 possint
280 107 390 126 confessarii
404 107 494 126 ordinarii
513 107 623 126 monialium
642 107 744 132 Episcopis

72 138 209 159 subiectarum:
230 139 259 163 4⁰)
269 139 395 157 confessarius
414 139 575 158 extraordinarius
594 139 708 158 monialibus
724 143 744 157 et

72 170 169 188 sororibus
184 170 300 189 concedatur
314 170 415 194 quinquies
429 170 447 188 in
463 176 519 191 anno,
535 176 604 195 nempe
618 170 636 189 in
657 170 745 193 Qualuor

76 201 198 225 Temporibus
212 206 232 220 et
245 201 264 220 in
278 201 375 220 exercitiis
389 201 528 226 spiritualibus:
545 202 573 226 5¹²)
583 202 661 221 tandem
671 202 743 220 confes·

71 232 133 251 sarius
154 232 315 251 extraordinasius
336 232 407 252 nedum
430 233 468 251 «in
483 233 549 251 mortis
565 233 663 252 articulo»
690 233 744 251 iuxta

71 264 157 282 Nomas
171 267 205 282 art.
219 264 262 286 148,
277 264 311 282 sed
325 264 383 282 etiam
397 264 416 282 in
430 264 484 288 gravi
501 268 521 282 et
539 264 646 288 periculosa
667 264 743 282 infirmi-

71 299 111 313 tate
125 294 176 313 ultro
190 294 308 319 libenterque
322 295 415 314 offeratur.

111 336 138 340 —
153 326 208 345 Alter
226 332 272 345 vero
289 326 391 345 Consultor
408 326 512 351 praemittit
530 326 616 351 regulam
634 326 743 345 confessarii

71 358 216 376 extraordinarii
230 364 265 382 pro
280 357 393 376 monialibus
408 361 498 376 statutam
512 358 569 376 fuisse
584 364 596 376 a
614 358 673 376 Cone.
689 357 742 376 Trid.

71 388 123 413 (sess.
137 393 172 412 25,
186 391 224 413 cap.
241 394 263 407 10
277 388 299 407 de
309 389 393 413 chul.).
412 393 470 413 atque
484 395 496 407 a
511 389 614 407 Benedicto
628 388 675 407 XIV
690 387 743 407 Bulla

72 420 179 439 Pastoralis
197 426 253 438 curat
271 420 402 439 confirmatam
420 424 440 439 et
458 424 557 439 extensam
576 420 601 439 ad
615 426 690 439 sorores
708 426 743 438 nec

72 458 109 470 non
128 451 153 470 ad
172 451 260 470 mulieres
278 455 297 470 et
314 451 386 476 puellas
405 451 423 470 in
443 452 580 470 communitate
595 452 687 470 viventes.
704 451 742 470 Cfr.

71 483 130 501 etiam
145 482 212 501 Const.
229 482 318 501 Conditae
331 489 344 501 a
360 483 436 501 Christo
452 487 473 501 et
487 483 576 501 Normae.
599 483 657 507 Quod
675 483 744 501 attinet

71 514 95 532 ad
110 513 247 532 confessarium
261 514 438 535 extraordinarium,
453 514 485 538 qui
500 514 518 532 in
537 520 583 533 casu
602 514 679 539 speciali
700 520 744 533 con-

71 545 164 564 fessiones
179 545 238 566 audit,
254 545 369 564 Benedictus
384 545 429 564 XIV
444 545 463 564 in
478 546 535 564 citata
554 545 608 564 Bulla
625 550 665 564 tres
682 545 743 564 deter-

72 576 151 595 minavit
166 582 227 597 easus,
243 576 262 594 in
277 576 345 600 quibus
359 576 403 595 licet
417 576 531 601 peculiarem
541 576 678 595 confessarium
687 576 743 595 alicui

72 607 150 626 moniali
163 607 194 626 vel
208 607 269 626 sorori
283 607 395 629 concedere.
411 614 480 631 nempe
495 608 513 626 in
528 614 573 626 casu
588 608 653 632 gravis
668 607 743 626 infirmi-

72 639 122 660 tatis,
139 638 272 663 insuperabilis
286 638 409 657 reluctantiae
423 639 514 658 adversus
533 639 675 661 confessarium,
692 639 744 657 deni-

72 677 109 695 que
124 677 168 689 cum
183 670 225 694 ipsa
239 674 343 695 aegrotans
357 677 392 694 pro
407 671 478 689 maiore
492 670 549 689 animi
565 670 593 688 sui
608 670 671 694 quiete
685 674 743 694 atque

73 702 158 720 ulteriori
172 702 191 720 in
201 702 240 720 vita
255 702 292 720 Dei
306 708 408 726 progressu
423 702 531 721 facultatem
541 702 589 726 petit
599 701 701 720 confitendi
711 701 743 720 ali-

73 733 148 758 quoties
163 733 199 752 alio
214 733 308 752 sacerdoti
322 734 435 758 approbato.
450 734 513 757 Quam
523 733 630 752 facultatem
640 733 743 758 aliquando

73 766 173 784 dumtaxat
187 765 302 783 Benedictus
316 764 361 783 XIV
377 765 520 783 concedendam
534 771 577 783 esse
586 764 676 785 decrevit.
687 769 743 789 prout

73 796 120 814 haec
142 795 161 814 S.
176 796 198 814 C.
218 795 362 820 particularibus
379 795 456 814 indultis
474 796 579 816 concessit,
594 799 614 814 et
632 796 650 814 in
665 796 743 814 decreto
759 819 762 822 γ

75 827 241 850 Quemadmodum,
248 827 314 846 addita
323 827 451 846 declaratione
462 827 499 846 diei
513 833 519 845 1
532 827 587 845 Febr.
602 827 657 850 1892,
668 833 742 845 necnon

73 858 91 877 in
106 858 188 877 Normis
201 862 236 878 art
250 860 339 882 144-¹46
355 859 439 877 sancivit.
463 858 483 877 Si
497 862 561 877 autem
581 862 658 883 propter
677 864 742 876 casum

73 890 152 908 omnino
166 889 268 914 specialem
283 890 308 908 ab
322 890 358 908 hac
373 896 440 908 norma
453 890 590 908 discedendum
609 893 667 911 esset.
684 889 743 908 indul-

73 925 113 939 tum
123 921 262 945 Apostolicum,
273 921 351 940 arbitrio
363 921 453 946 Episcopi
464 921 604 942 remittendum,
615 921 742 940 necessarium

73 958 116 970 esse
130 958 188 976 saepe
203 952 280 976 saepius
294 952 324 970 hic
338 952 358 971 S.
370 952 393 970 O.
404 952 513 972 declaravit.

112 983 215 1001 Praeterea
222 983 253 1001 lex
268 983 365 1001 triennalis
379 984 488 1002 mutationis
498 984 607 1003 confessarii
617 983 706 1002 ordinarii
717 983 743 1001 in-

72 1014 130 1032 ducta
144 1014 178 1032 fuit
192 1014 216 1033 ad
231 1015 374 1039 praecavendos
387 1014 458 1033 abusus
472 1015 504 1039 qui
519 1019 558 1033 tum
568 1021 592 1033 ex
606 1019 660 1040 parte
670 1014 743 1033 conses-

72 1046 116 1064 sarii
131 1049 171 1064 tum
185 1051 210 1064 ex
224 1050 278 1070 parte
293 1045 402 1064 monialium
417 1046 461 1064 oriri
476 1051 562 1070 possent:
579 1051 604 1068 at,
624 1047 676 1065 iuxta
693 1046 742 1064 Con-

73 1076 172 1099 sultorem,
192 1083 216 1095 ex
235 1077 328 1102 frequenti
347 1077 455 1096 confessarii
477 1077 566 1096 ordinarii
586 1077 690 1096 mutatione
705 1084 742 1096 non

74 1108 134 1127 minus
149 1108 219 1127 malum
233 1108 324 1133 gignitur.
346 1108 396 1127 Sane
415 1108 451 1127 hoc
466 1109 523 1127 modo
538 1109 630 1128 moniales
643 1109 743 1128 difficulter

73 1140 160 1164 propriae
175 1140 303 1158 eonscientiae
312 1140 371 1164 quieti
381 1140 481 1164 providere
491 1145 576 1165 possunt,
588 1147 630 1159 cum
645 1142 743 1166 unusquis-
