915 1302
353 45 470 65 Compomllana
725 51 741 65 9¹

295 107 531 126 COMPOSTELLANA

192 144 296 158 rosi-omn
311 145 367 158 cum
382 145 476 158 smonmu
490 145 511 161 ,m
525 144 630 158 amaneus

73 184 100 200 De
113 174 173 200 onere
186 184 269 201 sistendi
280 184 300 201 in
311 184 381 201 iudicio
390 184 414 200 nd
422 184 558 201 sustinendam
565 185 620 201 sstem
629 182 694 205 super⁴
700 185 748 202 iure-

118 211 239 232 patron-tus
251 216 274 228 nc
286 211 377 228 solvendi
388 211 429 228 ntis
440 215 547 232 expensas.

115 256 280 281 Factispecies.
290 256 350 275 Emus
359 256 520 280 Archiepiscopus
530 256 697 281 Compostellanus
705 256 747 275 huic

74 288 92 306 5.
110 288 134 306 C.
145 287 214 306 >retulit
235 287 253 305 in
271 293 305 305 sua
324 287 460 305 archidioeeesi
482 286 545 311 plures
563 291 629 306 extare
648 287 747 312 paroecias

73 319 235 343 iurispatronatus
249 318 325 344 laicaliS,
341 318 365 336 ad
379 324 459 342 quarum
474 318 602 342 provisionem
616 318 722 337 fitvelectio
737 325 748 337 a

73 350 161 374 pluribus
175 350 206 374 qui
221 349 257 368 hoe
272 349 312 369 iure
326 349 417 374 gaudent,
432 349 462 367 vel
477 349 516 367 duo
530 349 592 368 clerici
602 353 748 374 praesentantur

73 387 85 399 a
98 381 177 400 duobus
187 381 277 405 patronis.
293 380 348 399 Tune
358 380 381 401 lis
390 380 474 405 agitatur
483 380 513 399 vel
523 380 571 399 inter
582 380 646 405 plures
654 380 748 399 electores

74 412 128 431 iuxta
143 418 242 431 numerum
256 416 344 430 votorum
359 418 416 436 quern
429 412 527 431 candidati
541 412 633 433 obtinent.
650 411 680 430 vel
700 412 748 430 inter

73 443 123 462 duos
139 448 230 467 patronos
244 449 301 467 super
315 443 388 461 meliori
403 443 442 461 iure
457 443 481 461 ad
496 443 670 467 praesentationem
680 443 749 462 sacien-

73 475 124 493 dam.
143 474 219 493 Accidit
232 478 296 493 autem
310 474 349 492 fere
364 480 440 498 semper
454 478 475 492 ut
489 474 606 498 praesentati
621 480 641 492 se
651 474 720 493 sistant
729 474 748 492 in

74 505 165 525 tribunali
180 505 295 524 dioecesano
309 509 328 524 et
343 505 418 524 solvant
432 511 527 529 expensas
541 504 579 523 litis
593 505 642 523 inter
656 509 749 529 patronos

73 537 169 562 agitatam
185 536 237 561 quod
252 536 403 561 Archiepiseopo
417 536 491 555 videtur
508 540 528 554 et
546 536 636 554 iniustum
655 540 675 555 et
693 537 748 561 quasi

73 568 206 587 simoniacum.
222 568 318 589 Iniustum,
334 568 378 592 quia
393 574 430 586 non
449 567 512 592 agitur
530 567 555 586 de
573 567 612 586 iure
631 568 748 592 praesentati

73 599 108 618 sed
124 599 206 623 patroni,
222 603 241 617 et
256 599 345 619 iniustum
360 603 389 617 est
404 602 424 617 ut
438 598 469 617 ille
483 602 546 623 portet
560 605 608 617 onus
619 605 747 623 expensarum

74 631 93 649 in
107 630 142 649 lite
157 637 195 649 non
210 636 252 652 sua;
267 630 398 651 simoniacum,
413 630 457 655 quia
473 636 506 655 per
515 630 630 648 solutionem
639 630 747 649 huiusmodi

73 668 208 687 expensarum,
224 668 273 686 quae
288 668 325 680 non
340 666 384 680 sunt
398 662 451 686 parvi
473 662 574 682 momenti.
590 662 676 686 pervenit
695 668 749 686 prae-

74 697 163 712 sentatus
170 692 194 711 ad
202 693 344 717 possessionem
352 692 438 711 beneficii
448 692 539 711 vacantis.
555 692 678 717 Quapropter
689 692 748 711 Emus

74 724 239 748 Archiepiscopus
253 724 371 748 infrascripta
384 724 443 742 dubia
457 730 492 748 pro
506 723 601 742 solutione
615 724 721 748 proposuit.

116 755 260 780 Disceptatio
281 755 410 781 synoptica.
430 755 487 773 Dicta
503 755 567 779 praxis
586 755 604 773 in
624 761 645 773 se
663 759 749 779 spectata

75 787 173 805 videretur
186 793 230 805 esse
244 786 358 808 damnanda.
369 793 427 811 quum
441 793 490 805 onus
504 786 613 811 impositum
623 787 755 810 praesentatis,

75 818 192 837 defendendi
207 818 225 837 in
240 817 334 836 eventuali
349 818 419 836 iudicio
433 821 524 842 patronos
538 817 597 835 laicos
611 817 634 835 ab
649 817 749 842 impugna-

76 850 130 869 tione
151 850 309 874 iurispatronatns
329 853 349 867 et
369 848 407 867 litis
427 854 523 873 expensas
546 848 652 867 sustinendi
675 852 749 873 pugnet

76 885 143 899 contra
164 880 264 905 aequitatis
285 880 352 905 legem.
377 880 429 898 Haec
448 879 499 898 enim
517 879 602 898 defensio
619 880 637 897 in
656 879 748 898 directam

76 912 134 931 vertit
148 911 247 931 utilitatem
262 916 394 936 patronorum:
410 911 491 935 ideoque
506 911 541 935 ipsi
558 910 699 929 incommodum
717 917 749 929 ex-

77 949 179 967 pensarum
194 943 299 968 persentire
315 942 391 961 debent.
414 942 471 966 Quod
486 942 502 960 si
521 942 583 967 aliqua
601 941 672 960 utilitas
690 942 748 960 etiam

77 974 204 999 praesentatis
218 974 313 995 obveniat,
329 974 348 992 id
368 978 441 993 tantum
457 973 549 992 indirecte
564 973 594 994 fit;
617 973 648 998 qui
667 973 748 998 proinde

78 1005 128 1024 nulla
142 1005 186 1030 lege
200 1010 295 1030 coguntur
308 1012 351 1024 esse
365 1005 476 1024 defensores
491 1008 615 1029 patronorum
629 1009 649 1023 et
663 1004 701 1023 litis
717 1011 749 1023 ex-

78 1043 148 1061 pensas
161 1037 215 1056 ferre.

117 1068 156 1087 Sed
170 1067 278 1087 huiusmodi
296 1068 360 1093 praxis
376 1067 451 1086 videtur
469 1067 590 1092 reprobanda
608 1067 664 1086 etiam
681 1073 705 1086 ex
725 1073 748 1086 eo

78 1100 129 1124 quod
143 1099 217 1118 redolet
231 1099 314 1124 speciem
329 1099 445 1118 simoniacae
460 1099 512 1118 labis
529 1099 601 1117 Scitum
611 1099 705 1123 siquidem
719 1103 748 1117 est

79 1130 98 1149 in
112 1131 248 1153 beneficiorum
262 1130 364 1149 collatione
378 1137 454 1149 omnem
469 1130 615 1149 conventionem
633 1134 654 1148 et
671 1134 748 1155 pactum
