915 1302
366 61 415 74 Astu.
701 64 705 73 ι
710 59 728 77 59

57 114 153 138 temporis,
173 114 213 133 sive
233 114 282 139 quia.
303 120 341 133 una
359 118 441 139 excepta
459 114 536 133 civitate
553 114 638 135 Astensi,
657 114 676 132 in
696 114 729 132 de

57 145 177 172 suetudinem
196 146 243 164 abiit
261 146 280 164 in
299 145 388 164 omnibus
405 145 444 164 sere
464 145 557 170 paroeciis
574 145 673 166 dioecesis,
688 145 728 163 sive

57 176 99 200 quia
114 176 198 195 totaliter
212 177 295 195 cessavit
308 177 350 195 eius
364 176 412 198 finis.
427 183 486 201 quum
502 176 600 195 decretum
617 180 661 194 tune
682 180 729 194 tem-

57 208 107 232 poris
121 207 180 227 latum
195 208 250 227 fuerit
264 208 328 227 favore
343 208 475 233 parochorum,
491 214 514 227 ne
528 208 565 232 ipsi
579 207 651 226 seilicet
662 207 729 227 a‘fide-

57 239 105 257 libus
119 239 283 264 compellerentur,
299 239 371 263 absque
385 240 435 258 iusta
451 239 613 263 compensatione,
631 239 655 257 ad
674 239 729 257 cada-

57 276 100 289 vera
115 270 245 289 consocianda
255 270 279 289 ad
290 277 360 289 novum
367 275 387 289 et
396 271 518 289 remotiorem
529 270 591 289 locum
601 270 727 289 dormitionis.

95 302 129 320 Ad
144 302 248 320 secundum
262 302 340 320 dubium
354 299 406 326 quod
421 302 493 323 attinet,
510 301 586 326 parochi
601 305 674 326 negant
686 308 728 320 eoe-

58 333 130 351 meten-ii
144 333 244 357 capellano
258 333 287 351 vel
304 333 381 352 cuilibet
395 333 433 351 alio
453 333 548 352 sacerdoti
570 333 600 351 ius
620 333 727 357 excipiendi

57 364 151 383 cadavera
164 364 188 383 ad
203 369 268 388 portas
282 364 363 383 civitatis
377 368 397 383 et
410 365 513 383 stationem
527 364 569 383 viae
584 364 655 383 ferreae
669 364 688 382 in
701 364 729 382 bi>

57 399 96 413 reto
110 399 131 413 et
145 395 289 420 superpelliceo,
305 402 348 414 cum
365 395 540 414 confraternitatum
561 395 728 420 processionaliter

57 426 185 445 incedentium
200 427 312 448 interventu.
328 427 440 451 eademque,
455 433 499 445 cum
513 431 569 445 cantu
584 426 630 445 Ant.
645 426 729 445 Exulta-

57 457 102 476 bunt
116 458 199 476 Damino
219 462 239 476 et
260 457 403 478 PssMiserm,
425 458 449 476 ad
470 457 532 476 locum
554 457 663 482 sepulturae
684 464 727 476 curn

57 495 127 513 pompa
142 489 221 508 solemni
236 489 345 508 comitandi.

96 520 137 538 Aut
151 520 219 545 agitur,
235 520 271 544 ipsi
285 520 356 541 dicunt,
371 520 396 539 de
410 520 494 541 mortuis,
509 520 542 544 qui
561 519 677 544 sepulturam
698 526 728 538 ec-

58 551 182 570 clesiasticam
197 551 280 570 nondum
295 551 407 573 habuerunt,
422 555 442 570 et
456 552 471 570 si
486 552 561 576 petitur.
581 557 624 569 cum
645 551 670 570 sit
688 551 728 569 fun-

57 583 93 601 ctio
108 583 173 601 stricte
188 583 306 607 parochialis,
322 582 362 601 fieri
376 582 434 601 dehet
447 589 459 601 a
473 583 562 607 parocho.
574 582 598 600 ad
608 588 670 606 quem,
682 582 727 600 dum

57 614 151 635 vivebant,
167 614 250 632 defuncti
264 614 385 638 pertinebant
399 614 472 632 ratione
489 613 584 634 domicilii,
606 617 639 632 aut
659 612 728 631 saltem

58 651 106 664 nune
121 646 217 669 pertinent
232 645 271 664 iure
286 645 380 664 communi
395 649 415 664 et
429 645 573 666 consuetudine,
589 644 614 663 illi
636 644 725 669 parocho.

57 677 75 694 in
89 677 144 695 euius
157 677 230 695 ditione
245 683 294 695 nunc
309 681 381 695 extant.
396 677 416 695 Si
430 682 476 695 vero
491 676 542 695 nulla
563 676 660 700 sepultura
682 676 728 701 peti-

57 712 91 729 tur,
106 708 142 726 sed
156 708 237 732 simplex
251 708 349 726 cadaveris
364 708 469 726 adsociatio
483 708 508 726 ad
522 707 620 728 tumulum.
639 707 675 726 hoc
696 706 726 725 vel

58 744 93 757 nun
108 743 139 757 est
153 739 300 763 permittendum
315 743 381 763 utpote
402 739 517 757 contrarium
539 738 574 757 iuri
595 738 691 757 communi
707 742 727 757 et

58 768 150 794 liturgiae.
166 775 215 794 quae
230 770 296 788 iubent
310 775 377 788 omnes
391 769 524 788 christifideles
539 775 576 788 nnn
588 769 684 794 indignos.
696 775 727 787 an-

58 804 134 825 tequam
149 805 210 819 terrae
225 800 345 822 mandentur,
360 806 405 819 vera
426 800 524 825 sepultura
545 800 674 819 ecclesiastica
694 800 728 819 do-

59 833 110 853 nari;
132 832 167 853 vel.
183 832 198 850 si
213 832 332 856 permittitur.
355 831 401 850 haee
423 831 529 850 adsociatio
550 836 580 850 est
598 831 686 856 parochis
700 837 728 850 re-

59 863 164 884 servanda;
179 867 231 882 tenet
245 863 295 881 enim
310 863 372 881 locum
387 863 495 887 sepulturae
509 862 655 884 ecclesiasticae,
670 869 727 887 quam

59 894 188 913 defunctorum
203 894 298 913 coniuncti
313 894 382 913 iniuste
396 898 489 913 recusant.
505 894 587 913 Ratione
608 900 654 913 vero
676 900 727 918 pom-

60 931 93 949 pae
107 925 198 944 solemnis
212 925 280 944 eadem
294 925 400 944 adsociatio
414 925 478 944 evadit
497 925 567 943 functio
588 925 653 944 stricte
673 931 728 949 paro-

60 956 128 975 chialis.
144 957 184 975 Aut
198 957 261 981 agitur
274 957 299 975 de
313 956 437 975 cadaveribus
451 956 496 975 alibi
510 956 547 974 iam
567 956 675 981 sepulturae
696 963 728 975 ee-

60 988 173 1007 clesiastieae
183 988 268 1009 donatis;
278 992 298 1006 et
305 992 349 1006 tunc
357 988 386 1006 vel
394 987 453 1006 altera
460 988 531 1007 functio
539 987 643 1012 exequialis
650 988 726 1012 petitur,

60 1023 78 1037 et
86 1019 138 1041 haec.
150 1023 207 1044 prout
216 1026 279 1044 supra,
289 1019 353 1038 evadit
367 1019 444 1044 propria
455 1020 594 1044 parochorum:
612 1019 642 1037 vel
657 1019 729 1044 petitur

60 1050 138 1075 simplex
153 1050 250 1069 cadaveris
260 1050 358 1069 comitatio
368 1050 392 1069 ad
402 1051 544 1071 coemeterium,
556 1055 575 1069 et
589 1050 636 1069 haec
651 1056 727 1075 quoque

60 1086 87 1100 est
101 1081 219 1107 paroehialis,
230 1081 297 1100 saltem
307 1088 350 1100 cum
360 1081 455 1106 perficitur
462 1081 506 1111 plus
516 1082 602 1100 minusve
612 1081 727 1101 solemniter.

99 1113 127 1132 Ex
141 1113 202 1132 altera
216 1119 261 1132 vero
276 1117 330 1137 parte
344 1113 453 1137 capellanus
467 1113 576 1132 coemeterii
586 1113 667 1131 sustinet
675 1113 727 1137 quod

62 1150 73 1162 a
85 1148 170 1169 tempore
184 1144 255 1163 decreti
269 1144 360 1168 Episcopi
375 1144 456 1165 Lobetti,
467 1144 630 1163 consentientibus
639 1144 728 1169 parochis
