<?xml version="1.0" encoding="UTF-8"?>
<!DOCTYPE html PUBLIC "-//W3C//DTD XHTML 1.0 Transitional//EN"
    "http://www.w3.org/TR/xhtml1/DTD/xhtml1-transitional.dtd">
<html xmlns="http://www.w3.org/1999/xhtml" xml:lang="en" lang="en">
 <head>
  <title>
</title>
<meta http-equiv="Content-Type" content="text/html;charset=utf-8" />
  <meta name='ocr-system' content='tesseract 3.04.00' />
  <meta name='ocr-capabilities' content='ocr_page ocr_carea ocr_par ocr_line ocrx_word'/>
</head>
<body>
  <div class='ocr_page' id='page_1' title='image "actasanctaesedi05unkngoog_0072.png"; bbox 0 0 915 1302; ppageno 0'>
   <div class='ocr_carea' id='block_1_1' title="bbox 303 51 724 70">
    <p class='ocr_par' dir='ltr' id='par_1_1' title="bbox 303 51 724 70">
     <span class='ocr_line' id='line_1_1' title="bbox 303 51 724 70; baseline 0.005 -5"><span class='ocrx_word' id='word_1_1' title='bbox 303 52 369 66; x_wconf 67' lang='lat' dir='ltr'>Litterae</span> <span class='ocrx_word' id='word_1_2' title='bbox 379 52 472 70; x_wconf 75' lang='lat' dir='ltr'>Apostolicae</span> <span class='ocrx_word' id='word_1_3' title='bbox 706 51 724 70; x_wconf 80' lang='lat'>67</span> 
     </span>
    </p>
   </div>
   <div class='ocr_carea' id='block_1_2' title="bbox 54 74 724 84">
    <p class='ocr_par' dir='ltr' id='par_1_2' title="bbox 54 74 724 84">
     <span class='ocr_line' id='line_1_2' title="bbox 54 74 724 84; baseline 0 0"><span class='ocrx_word' id='word_1_4' title='bbox 54 74 724 84; x_wconf 95' lang='lat' dir='ltr'> </span> 
     </span>
    </p>
   </div>
   <div class='ocr_carea' id='block_1_3' title="bbox 51 101 728 874">
    <p class='ocr_par' dir='ltr' id='par_1_3' title="bbox 51 101 728 812">
     <span class='ocr_line' id='line_1_3' title="bbox 51 101 725 126; baseline -0.001 -7"><span class='ocrx_word' id='word_1_5' title='bbox 51 101 200 120; x_wconf 78' lang='lat' dir='ltr'>Sacramentum</span> <span class='ocrx_word' id='word_1_6' title='bbox 211 105 275 120; x_wconf 86' lang='lat' dir='ltr'>autem</span> <span class='ocrx_word' id='word_1_7' title='bbox 284 101 372 126; x_wconf 81' lang='lat' dir='ltr'>adeoque</span> <span class='ocrx_word' id='word_1_8' title='bbox 379 107 445 120; x_wconf 88' lang='lat' dir='ltr'>verum</span> <span class='ocrx_word' id='word_1_9' title='bbox 455 101 554 125; x_wconf 88' lang='lat' dir='ltr'>solumque</span> <span class='ocrx_word' id='word_1_10' title='bbox 562 101 677 125; x_wconf 83' lang='lat' dir='ltr'>coniugium,</span> <span class='ocrx_word' id='word_1_11' title='bbox 687 106 725 118; x_wconf 88' lang='lat' dir='ltr'>non</span> 
     </span>
     <span class='ocr_line' id='line_1_4' title="bbox 51 132 726 157; baseline 0 -6"><span class='ocrx_word' id='word_1_12' title='bbox 51 132 129 153; x_wconf 80' lang='lat' dir='ltr'>saciant,</span> <span class='ocrx_word' id='word_1_13' title='bbox 148 132 244 157; x_wconf 80' lang='lat' dir='ltr'>ipsosque,</span> <span class='ocrx_word' id='word_1_14' title='bbox 263 139 311 157; x_wconf 89' lang='lat' dir='ltr'>quos</span> <span class='ocrx_word' id='word_1_15' title='bbox 325 137 405 154; x_wconf 82' lang='lat' dir='ltr'>vocant-,</span> <span class='ocrx_word' id='word_1_16' title='bbox 420 132 485 151; x_wconf 80' lang='lat' dir='ltr'>civiles</span> <span class='ocrx_word' id='word_1_17' title='bbox 503 132 587 153; x_wconf 78' lang='lat' dir='ltr'>effectus,</span> <span class='ocrx_word' id='word_1_18' title='bbox 602 132 654 151; x_wconf 80' lang='lat' dir='ltr'>irrito</span> <span class='ocrx_word' id='word_1_19' title='bbox 668 135 726 156; x_wconf 77' lang='lat' dir='ltr'>atque</span> 
     </span>
     <span class='ocr_line' id='line_1_5' title="bbox 51 163 724 188; baseline 0 -7"><span class='ocrx_word' id='word_1_20' title='bbox 51 163 105 181; x_wconf 83' lang='lat' dir='ltr'>inani</span> <span class='ocrx_word' id='word_1_21' title='bbox 119 169 186 182; x_wconf 87' lang='lat' dir='ltr'>eorum</span> <span class='ocrx_word' id='word_1_22' title='bbox 201 163 257 184; x_wconf 81' lang='lat' dir='ltr'>sonte,</span> <span class='ocrx_word' id='word_1_23' title='bbox 273 163 341 182; x_wconf 87' lang='lat' dir='ltr'>iniuria</span> <span class='ocrx_word' id='word_1_24' title='bbox 355 164 490 188; x_wconf 73' lang='lat' dir='ltr'>adipiscantur.</span> <span class='ocrx_word' id='word_1_25' title='bbox 506 163 559 182; x_wconf 81' lang='lat' dir='ltr'>Haec</span> <span class='ocrx_word' id='word_1_26' title='bbox 573 169 631 188; x_wconf 81' lang='lat' dir='ltr'>quum</span> <span class='ocrx_word' id='word_1_27' title='bbox 646 163 672 181; x_wconf 85' lang='lat' dir='ltr'>ita</span> <span class='ocrx_word' id='word_1_28' title='bbox 681 163 724 184; x_wconf 85' lang='lat' dir='ltr'>sint.</span> 
     </span>
     <span class='ocr_line' id='line_1_6' title="bbox 51 194 726 220; baseline -0.001 -7"><span class='ocrx_word' id='word_1_29' title='bbox 51 194 116 213; x_wconf 79' lang='lat' dir='ltr'>facere</span> <span class='ocrx_word' id='word_1_30' title='bbox 130 194 171 213; x_wconf 87' lang='lat' dir='ltr'>Nos</span> <span class='ocrx_word' id='word_1_31' title='bbox 186 194 237 213; x_wconf 91' lang='lat' dir='ltr'>nullo</span> <span class='ocrx_word' id='word_1_32' title='bbox 246 195 304 214; x_wconf 85' lang='lat' dir='ltr'>modo</span> <span class='ocrx_word' id='word_1_33' title='bbox 314 201 415 220; x_wconf 86' lang='lat' dir='ltr'>possumus</span> <span class='ocrx_word' id='word_1_34' title='bbox 424 195 469 220; x_wconf 89' lang='lat' dir='ltr'>quin</span> <span class='ocrx_word' id='word_1_35' title='bbox 480 195 569 213; x_wconf 82' lang='lat' dir='ltr'>iniustam</span> <span class='ocrx_word' id='word_1_36' title='bbox 583 199 603 213; x_wconf 90' lang='lat' dir='ltr'>et</span> <span class='ocrx_word' id='word_1_37' title='bbox 613 194 726 219; x_wconf 82' lang='lat' dir='ltr'>sacrilegam</span> 
     </span>
     <span class='ocr_line' id='line_1_7' title="bbox 52 226 727 251; baseline 0 -6"><span class='ocrx_word' id='word_1_38' title='bbox 52 232 99 247; x_wconf 85' lang='lat' dir='ltr'>rem.</span> <span class='ocrx_word' id='word_1_39' title='bbox 115 231 208 250; x_wconf 83' lang='lat' dir='ltr'>quantum</span> <span class='ocrx_word' id='word_1_40' title='bbox 222 230 252 245; x_wconf 87' lang='lat' dir='ltr'>est</span> <span class='ocrx_word' id='word_1_41' title='bbox 266 226 284 245; x_wconf 85' lang='lat' dir='ltr'>in</span> <span class='ocrx_word' id='word_1_42' title='bbox 300 227 365 248; x_wconf 84' lang='lat' dir='ltr'>Nobis,</span> <span class='ocrx_word' id='word_1_43' title='bbox 376 226 481 247; x_wconf 80' lang='lat' dir='ltr'>doleamus,</span> <span class='ocrx_word' id='word_1_44' title='bbox 492 226 619 251; x_wconf 80' lang='lat' dir='ltr'>deploremus,</span> <span class='ocrx_word' id='word_1_45' title='bbox 633 226 727 250; x_wconf 82' lang='lat' dir='ltr'>improbe-</span> 
     </span>
     <span class='ocr_line' id='line_1_8' title="bbox 53 258 727 282; baseline 0 -6"><span class='ocrx_word' id='word_1_46' title='bbox 53 264 102 278; x_wconf 88' lang='lat' dir='ltr'>mus,</span> <span class='ocrx_word' id='word_1_47' title='bbox 118 262 138 276; x_wconf 78' lang='lat' dir='ltr'>et</span> <span class='ocrx_word' id='word_1_48' title='bbox 151 258 271 276; x_wconf 82' lang='lat' dir='ltr'>sanctissima</span> <span class='ocrx_word' id='word_1_49' title='bbox 285 258 382 277; x_wconf 80' lang='lat' dir='ltr'>Ecclesiae</span> <span class='ocrx_word' id='word_1_50' title='bbox 396 258 468 277; x_wconf 85' lang='lat' dir='ltr'>violata</span> <span class='ocrx_word' id='word_1_51' title='bbox 482 258 527 279; x_wconf 82' lang='lat' dir='ltr'>iura,</span> <span class='ocrx_word' id='word_1_52' title='bbox 543 265 554 276; x_wconf 91' lang='lat' dir='ltr'>a</span> <span class='ocrx_word' id='word_1_53' title='bbox 568 258 661 282; x_wconf 84' lang='lat' dir='ltr'>regimine</span> <span class='ocrx_word' id='word_1_54' title='bbox 673 264 727 282; x_wconf 81' lang='lat' dir='ltr'>prae-</span> 
     </span>
     <span class='ocr_line' id='line_1_9' title="bbox 52 288 727 313; baseline 0 -6"><span class='ocrx_word' id='word_1_55' title='bbox 52 289 119 307; x_wconf 85' lang='lat' dir='ltr'>sertim</span> <span class='ocrx_word' id='word_1_56' title='bbox 134 289 269 308; x_wconf 80' lang='lat' dir='ltr'>catholicorum</span> <span class='ocrx_word' id='word_1_57' title='bbox 284 295 329 313; x_wconf 79' lang='lat' dir='ltr'>prae</span> <span class='ocrx_word' id='word_1_58' title='bbox 344 295 365 308; x_wconf 83' lang='lat' dir='ltr'>se</span> <span class='ocrx_word' id='word_1_59' title='bbox 379 289 451 307; x_wconf 84' lang='lat' dir='ltr'>serente</span> <span class='ocrx_word' id='word_1_60' title='bbox 466 295 541 310; x_wconf 82' lang='lat' dir='ltr'>nomen.</span> <span class='ocrx_word' id='word_1_61' title='bbox 557 288 631 313; x_wconf 79' lang='lat' dir='ltr'>publice</span> <span class='ocrx_word' id='word_1_62' title='bbox 646 295 727 313; x_wconf 83' lang='lat' dir='ltr'>conque-</span> 
     </span>
     <span class='ocr_line' id='line_1_10' title="bbox 52 319 726 345; baseline 0 -7"><span class='ocrx_word' id='word_1_63' title='bbox 52 320 83 341; x_wconf 87' lang='lat' dir='ltr'>sti,</span> <span class='ocrx_word' id='word_1_64' title='bbox 99 319 249 344; x_wconf 81' lang='lat' dir='ltr'>expostulemus.</span> <span class='ocrx_word' id='word_1_65' title='bbox 266 320 314 345; x_wconf 87' lang='lat' dir='ltr'>Spes</span> <span class='ocrx_word' id='word_1_66' title='bbox 332 324 396 339; x_wconf 85' lang='lat' dir='ltr'>tamen</span> <span class='ocrx_word' id='word_1_67' title='bbox 414 326 463 345; x_wconf 79' lang='lat' dir='ltr'>quae</span> <span class='ocrx_word' id='word_1_68' title='bbox 482 327 518 345; x_wconf 86' lang='lat' dir='ltr'>ope</span> <span class='ocrx_word' id='word_1_69' title='bbox 533 320 598 338; x_wconf 80' lang='lat' dir='ltr'>nititur</span> <span class='ocrx_word' id='word_1_70' title='bbox 618 319 726 344; x_wconf 89' lang='lat' dir='ltr'>auxilioque</span> 
     </span>
     <span class='ocr_line' id='line_1_11' title="bbox 54 351 726 376; baseline 0 -7"><span class='ocrx_word' id='word_1_71' title='bbox 54 351 98 373; x_wconf 82' lang='lat' dir='ltr'>Dei,</span> <span class='ocrx_word' id='word_1_72' title='bbox 114 357 152 369; x_wconf 88' lang='lat' dir='ltr'>non</span> <span class='ocrx_word' id='word_1_73' title='bbox 167 351 228 369; x_wconf 90' lang='lat' dir='ltr'>omnis</span> <span class='ocrx_word' id='word_1_74' title='bbox 245 351 334 375; x_wconf 77' lang='lat' dir='ltr'>equidem</span> <span class='ocrx_word' id='word_1_75' title='bbox 349 351 427 373; x_wconf 85' lang='lat' dir='ltr'>effluxit,</span> <span class='ocrx_word' id='word_1_76' title='bbox 445 351 529 376; x_wconf 81' lang='lat' dir='ltr'>illudque</span> <span class='ocrx_word' id='word_1_77' title='bbox 547 351 611 376; x_wconf 77' lang='lat' dir='ltr'>placet</span> <span class='ocrx_word' id='word_1_78' title='bbox 624 351 726 372; x_wconf 84' lang='lat' dir='ltr'>confidere,</span> 
     </span>
     <span class='ocr_line' id='line_1_12' title="bbox 53 382 726 407; baseline 0.001 -7"><span class='ocrx_word' id='word_1_79' title='bbox 53 382 78 400; x_wconf 91' lang='lat' dir='ltr'>ad</span> <span class='ocrx_word' id='word_1_80' title='bbox 98 382 177 400; x_wconf 81' lang='lat' dir='ltr'>meliora</span> <span class='ocrx_word' id='word_1_81' title='bbox 193 388 232 404; x_wconf 86' lang='lat' dir='ltr'>eos,</span> <span class='ocrx_word' id='word_1_82' title='bbox 250 382 282 407; x_wconf 90' lang='lat' dir='ltr'>qui</span> <span class='ocrx_word' id='word_1_83' title='bbox 302 382 386 401; x_wconf 87' lang='lat' dir='ltr'>Boliviae</span> <span class='ocrx_word' id='word_1_84' title='bbox 401 386 497 407; x_wconf 81' lang='lat' dir='ltr'>praesunt,</span> <span class='ocrx_word' id='word_1_85' title='bbox 513 382 592 401; x_wconf 80' lang='lat' dir='ltr'>consilia</span> <span class='ocrx_word' id='word_1_86' title='bbox 609 382 726 403; x_wconf 74' lang='lat' dir='ltr'>deflexurus,</span> 
     </span>
     <span class='ocr_line' id='line_1_13' title="bbox 52 413 726 438; baseline 0.001 -7"><span class='ocrx_word' id='word_1_87' title='bbox 52 419 110 432; x_wconf 89' lang='lat' dir='ltr'>suum</span> <span class='ocrx_word' id='word_1_88' title='bbox 124 413 192 438; x_wconf 85' lang='lat' dir='ltr'>cuique</span> <span class='ocrx_word' id='word_1_89' title='bbox 206 413 313 434; x_wconf 79' lang='lat' dir='ltr'>tribuendo,</span> <span class='ocrx_word' id='word_1_90' title='bbox 324 420 374 438; x_wconf 81' lang='lat' dir='ltr'>quae</span> <span class='ocrx_word' id='word_1_91' title='bbox 384 413 451 434; x_wconf 80' lang='lat' dir='ltr'>civilia,</span> <span class='ocrx_word' id='word_1_92' title='bbox 467 413 587 438; x_wconf 80' lang='lat' dir='ltr'>reipublicae,</span> <span class='ocrx_word' id='word_1_93' title='bbox 603 420 652 437; x_wconf 83' lang='lat' dir='ltr'>quae</span> <span class='ocrx_word' id='word_1_94' title='bbox 667 419 726 435; x_wconf 85' lang='lat' dir='ltr'>sacra.</span> 
     </span>
     <span class='ocr_line' id='line_1_14' title="bbox 53 444 728 469; baseline 0 -6"><span class='ocrx_word' id='word_1_95' title='bbox 53 445 116 463; x_wconf 82' lang='lat' dir='ltr'>Nobis</span> <span class='ocrx_word' id='word_1_96' title='bbox 125 449 145 463; x_wconf 83' lang='lat' dir='ltr'>et</span> <span class='ocrx_word' id='word_1_97' title='bbox 154 444 256 463; x_wconf 73' lang='lat' dir='ltr'>Ecclesiae.</span> <span class='ocrx_word' id='word_1_98' title='bbox 272 444 381 469; x_wconf 82' lang='lat' dir='ltr'>Intelligant</span> <span class='ocrx_word' id='word_1_99' title='bbox 391 445 402 463; x_wconf 87' lang='lat' dir='ltr'>ii</span> <span class='ocrx_word' id='word_1_100' title='bbox 413 444 541 469; x_wconf 80' lang='lat' dir='ltr'>inducantque</span> <span class='ocrx_word' id='word_1_101' title='bbox 548 445 567 463; x_wconf 91' lang='lat' dir='ltr'>in</span> <span class='ocrx_word' id='word_1_102' title='bbox 575 445 659 463; x_wconf 90' lang='lat' dir='ltr'>animum</span> <span class='ocrx_word' id='word_1_103' title='bbox 668 444 728 469; x_wconf 84' lang='lat' dir='ltr'>publi-</span> 
     </span>
     <span class='ocr_line' id='line_1_15' title="bbox 53 476 727 501; baseline 0 -7"><span class='ocrx_word' id='word_1_104' title='bbox 53 482 119 494; x_wconf 83' lang='lat' dir='ltr'>carum</span> <span class='ocrx_word' id='word_1_105' title='bbox 138 476 284 500; x_wconf 78' lang='lat' dir='ltr'>prosperitatem</span> <span class='ocrx_word' id='word_1_106' title='bbox 302 482 365 494; x_wconf 91' lang='lat' dir='ltr'>rerum</span> <span class='ocrx_word' id='word_1_107' title='bbox 384 476 505 495; x_wconf 80' lang='lat' dir='ltr'>observantia</span> <span class='ocrx_word' id='word_1_108' title='bbox 527 476 624 501; x_wconf 79' lang='lat' dir='ltr'>religionis</span> <span class='ocrx_word' id='word_1_109' title='bbox 646 476 727 495; x_wconf 82' lang='lat' dir='ltr'>iustitiae</span> 
     </span>
     <span class='ocr_line' id='line_1_16' title="bbox 53 506 728 532; baseline 0 -7"><span class='ocrx_word' id='word_1_110' title='bbox 53 507 116 531; x_wconf 82' lang='lat' dir='ltr'>gigni.</span> <span class='ocrx_word' id='word_1_111' title='bbox 131 513 265 531; x_wconf 81' lang='lat' dir='ltr'>sacrarumque</span> <span class='ocrx_word' id='word_1_112' title='bbox 280 507 421 525; x_wconf 81' lang='lat' dir='ltr'>verecumdiam</span> <span class='ocrx_word' id='word_1_113' title='bbox 435 506 500 532; x_wconf 83' lang='lat' dir='ltr'>legum</span> <span class='ocrx_word' id='word_1_114' title='bbox 515 507 539 526; x_wconf 83' lang='lat' dir='ltr'>ad</span> <span class='ocrx_word' id='word_1_115' title='bbox 554 507 647 526; x_wconf 86' lang='lat' dir='ltr'>verendas</span> <span class='ocrx_word' id='word_1_116' title='bbox 664 507 728 526; x_wconf 82' lang='lat' dir='ltr'>civiles</span> 
     </span>
     <span class='ocr_line' id='line_1_17' title="bbox 53 538 728 563; baseline 0.001 -7"><span class='ocrx_word' id='word_1_117' title='bbox 53 538 113 557; x_wconf 81' lang='lat' dir='ltr'>etiam</span> <span class='ocrx_word' id='word_1_118' title='bbox 128 538 181 563; x_wconf 83' lang='lat' dir='ltr'>leges</span> <span class='ocrx_word' id='word_1_119' title='bbox 195 545 238 557; x_wconf 89' lang='lat' dir='ltr'>cum</span> <span class='ocrx_word' id='word_1_120' title='bbox 249 538 331 557; x_wconf 82' lang='lat' dir='ltr'>maxime</span> <span class='ocrx_word' id='word_1_121' title='bbox 340 538 452 557; x_wconf 81' lang='lat' dir='ltr'>conducere.</span> <span class='ocrx_word' id='word_1_122' title='bbox 468 538 527 557; x_wconf 87' lang='lat' dir='ltr'>Vobis</span> <span class='ocrx_word' id='word_1_123' title='bbox 541 545 593 560; x_wconf 82' lang='lat' dir='ltr'>veru,</span> <span class='ocrx_word' id='word_1_124' title='bbox 604 538 728 557; x_wconf 81' lang='lat' dir='ltr'>Venerabiles</span> 
     </span>
     <span class='ocr_line' id='line_1_18' title="bbox 54 569 727 595; baseline 0 -7"><span class='ocrx_word' id='word_1_125' title='bbox 54 570 138 591; x_wconf 82' lang='lat' dir='ltr'>Fratres,</span> <span class='ocrx_word' id='word_1_126' title='bbox 153 576 234 594; x_wconf 87' lang='lat' dir='ltr'>quorum</span> <span class='ocrx_word' id='word_1_127' title='bbox 250 570 338 594; x_wconf 84' lang='lat' dir='ltr'>proximo</span> <span class='ocrx_word' id='word_1_128' title='bbox 352 576 363 588; x_wconf 83' lang='lat' dir='ltr'>e</span> <span class='ocrx_word' id='word_1_129' title='bbox 378 569 419 588; x_wconf 85' lang='lat' dir='ltr'>loco</span> <span class='ocrx_word' id='word_1_130' title='bbox 434 574 464 588; x_wconf 79' lang='lat' dir='ltr'>est</span> <span class='ocrx_word' id='word_1_131' title='bbox 478 576 542 589; x_wconf 83' lang='lat' dir='ltr'>curam</span> <span class='ocrx_word' id='word_1_132' title='bbox 556 576 624 595; x_wconf 84' lang='lat' dir='ltr'>gerere</span> <span class='ocrx_word' id='word_1_133' title='bbox 638 570 727 591; x_wconf 85' lang='lat' dir='ltr'>nationis,</span> 
     </span>
     <span class='ocr_line' id='line_1_19' title="bbox 54 600 728 626; baseline 0 -7"><span class='ocrx_word' id='word_1_134' title='bbox 54 607 114 626; x_wconf 91' lang='lat' dir='ltr'>quum</span> <span class='ocrx_word' id='word_1_135' title='bbox 128 600 192 620; x_wconf 81' lang='lat' dir='ltr'>felices</span> <span class='ocrx_word' id='word_1_136' title='bbox 202 600 316 625; x_wconf 83' lang='lat' dir='ltr'>reipublicae</span> <span class='ocrx_word' id='word_1_137' title='bbox 326 607 362 622; x_wconf 84' lang='lat' dir='ltr'>res,</span> <span class='ocrx_word' id='word_1_138' title='bbox 371 605 410 619; x_wconf 87' lang='lat' dir='ltr'>tum</span> <span class='ocrx_word' id='word_1_139' title='bbox 421 601 511 620; x_wconf 77' lang='lat' dir='ltr'>adversas</span> <span class='ocrx_word' id='word_1_140' title='bbox 520 601 663 620; x_wconf 85' lang='lat' dir='ltr'>commendatas</span> <span class='ocrx_word' id='word_1_141' title='bbox 673 601 728 619; x_wconf 86' lang='lat' dir='ltr'>valde</span> 
     </span>
     <span class='ocr_line' id='line_1_20' title="bbox 55 631 728 657; baseline 0 -7"><span class='ocrx_word' id='word_1_142' title='bbox 55 632 153 653; x_wconf 84' lang='lat' dir='ltr'>volumus;</span> <span class='ocrx_word' id='word_1_143' title='bbox 173 631 214 650; x_wconf 79' lang='lat' dir='ltr'>illas</span> <span class='ocrx_word' id='word_1_144' title='bbox 232 632 309 656; x_wconf 88' lang='lat' dir='ltr'>quidem</span> <span class='ocrx_word' id='word_1_145' title='bbox 326 632 413 657; x_wconf 86' lang='lat' dir='ltr'>prosperi</span> <span class='ocrx_word' id='word_1_146' title='bbox 431 632 534 651; x_wconf 80' lang='lat' dir='ltr'>firmandas</span> <span class='ocrx_word' id='word_1_147' title='bbox 554 632 728 657; x_wconf 83' lang='lat' dir='ltr'>exaugendasque,</span> 
     </span>
     <span class='ocr_line' id='line_1_21' title="bbox 54 663 726 688; baseline 0 -6"><span class='ocrx_word' id='word_1_148' title='bbox 54 664 101 682; x_wconf 81' lang='lat' dir='ltr'>istas</span> <span class='ocrx_word' id='word_1_149' title='bbox 115 668 179 682; x_wconf 85' lang='lat' dir='ltr'>autem</span> <span class='ocrx_word' id='word_1_150' title='bbox 194 670 262 688; x_wconf 84' lang='lat' dir='ltr'>opere,</span> <span class='ocrx_word' id='word_1_151' title='bbox 282 663 354 685; x_wconf 81' lang='lat' dir='ltr'>studio,</span> <span class='ocrx_word' id='word_1_152' title='bbox 369 663 463 688; x_wconf 80' lang='lat' dir='ltr'>precibus,</span> <span class='ocrx_word' id='word_1_153' title='bbox 479 667 556 682; x_wconf 85' lang='lat' dir='ltr'>strenue</span> <span class='ocrx_word' id='word_1_154' title='bbox 570 663 726 688; x_wconf 80' lang='lat' dir='ltr'>propulsandum¹</span> 
     </span>
     <span class='ocr_line' id='line_1_22' title="bbox 54 694 728 719; baseline 0 -6"><span class='ocrx_word' id='word_1_155' title='bbox 54 694 160 719; x_wconf 78' lang='lat' dir='ltr'>Auspicem</span> <span class='ocrx_word' id='word_1_156' title='bbox 175 694 284 713; x_wconf 79' lang='lat' dir='ltr'>caelestium</span> <span class='ocrx_word' id='word_1_157' title='bbox 300 701 399 713; x_wconf 83' lang='lat' dir='ltr'>munerum</span> <span class='ocrx_word' id='word_1_158' title='bbox 409 695 529 719; x_wconf 75' lang='lat' dir='ltr'>Nostraeque</span> <span class='ocrx_word' id='word_1_159' title='bbox 543 695 583 713; x_wconf 81' lang='lat' dir='ltr'>sive</span> <span class='ocrx_word' id='word_1_160' title='bbox 598 695 616 713; x_wconf 88' lang='lat' dir='ltr'>in</span> <span class='ocrx_word' id='word_1_161' title='bbox 631 701 671 715; x_wconf 86' lang='lat' dir='ltr'>vos.</span> <span class='ocrx_word' id='word_1_162' title='bbox 687 695 728 713; x_wconf 90' lang='lat' dir='ltr'>sive</span> 
     </span>
     <span class='ocr_line' id='line_1_23' title="bbox 55 725 728 750; baseline 0 -6"><span class='ocrx_word' id='word_1_163' title='bbox 55 725 74 744; x_wconf 91' lang='lat' dir='ltr'>in</span> <span class='ocrx_word' id='word_1_164' title='bbox 89 725 198 744; x_wconf 80' lang='lat' dir='ltr'>universam</span> <span class='ocrx_word' id='word_1_165' title='bbox 213 725 296 744; x_wconf 85' lang='lat' dir='ltr'>Boliviae</span> <span class='ocrx_word' id='word_1_166' title='bbox 310 726 447 750; x_wconf 84' lang='lat' dir='ltr'>rempublicam</span> <span class='ocrx_word' id='word_1_167' title='bbox 457 725 601 744; x_wconf 83' lang='lat' dir='ltr'>benevolentiae</span> <span class='ocrx_word' id='word_1_168' title='bbox 614 726 728 750; x_wconf 76' lang='lat' dir='ltr'>praecipuae</span> 
     </span>
     <span class='ocr_line' id='line_1_24' title="bbox 55 756 728 781; baseline 0 -6"><span class='ocrx_word' id='word_1_169' title='bbox 55 760 132 777; x_wconf 74' lang='lat' dir='ltr'>testem.</span> <span class='ocrx_word' id='word_1_170' title='bbox 147 756 278 781; x_wconf 82' lang='lat' dir='ltr'>Apostolieam</span> <span class='ocrx_word' id='word_1_171' title='bbox 297 757 451 776; x_wconf 84' lang='lat' dir='ltr'>benedictionem</span> <span class='ocrx_word' id='word_1_172' title='bbox 471 761 591 781; x_wconf 79' lang='lat' dir='ltr'>peramanter</span> <span class='ocrx_word' id='word_1_173' title='bbox 610 757 628 775; x_wconf 96' lang='lat' dir='ltr'>in</span> <span class='ocrx_word' id='word_1_174' title='bbox 643 757 728 776; x_wconf 86' lang='lat' dir='ltr'>Domino</span> 
     </span>
     <span class='ocr_line' id='line_1_25' title="bbox 55 787 182 812; baseline 0.008 -7"><span class='ocrx_word' id='word_1_175' title='bbox 55 787 182 812; x_wconf 62' lang='lat' dir='ltr'>impertimus</span> 
     </span>
    </p>

    <p class='ocr_par' dir='ltr' id='par_1_4' title="bbox 55 818 728 874">
     <span class='ocr_line' id='line_1_26' title="bbox 97 818 728 843; baseline 0 -6"><span class='ocrx_word' id='word_1_176' title='bbox 97 818 171 837; x_wconf 81' lang='lat' dir='ltr'>Datum</span> <span class='ocrx_word' id='word_1_177' title='bbox 185 818 258 837; x_wconf 87' lang='lat' dir='ltr'>Romae</span> <span class='ocrx_word' id='word_1_178' title='bbox 268 818 319 843; x_wconf 81' lang='lat' dir='ltr'>apud</span> <span class='ocrx_word' id='word_1_179' title='bbox 329 819 349 837; x_wconf 76' lang='lat' dir='ltr'>S.</span> <span class='ocrx_word' id='word_1_180' title='bbox 360 819 442 840; x_wconf 87' lang='lat' dir='ltr'>Petrum,</span> <span class='ocrx_word' id='word_1_181' title='bbox 452 819 484 838; x_wconf 91' lang='lat' dir='ltr'>die</span> <span class='ocrx_word' id='word_1_182' title='bbox 494 825 539 838; x_wconf 73' lang='lat' dir='ltr'>xxxv</span> <span class='ocrx_word' id='word_1_183' title='bbox 549 819 663 838; x_wconf 86' lang='lat' dir='ltr'>Novembris</span> <span class='ocrx_word' id='word_1_184' title='bbox 677 825 728 838; x_wconf 82' lang='lat' dir='ltr'>anno</span> 
     </span>
     <span class='ocr_line' id='line_1_27' title="bbox 55 849 488 874; baseline 0.002 -6"><span class='ocrx_word' id='word_1_185' title='bbox 55 855 125 871; x_wconf 72' lang='lat' dir='ltr'>ucuvx,</span> <span class='ocrx_word' id='word_1_186' title='bbox 141 849 263 868; x_wconf 77' lang='lat' dir='ltr'>Pontificatus</span> <span class='ocrx_word' id='word_1_187' title='bbox 278 850 336 869; x_wconf 81' lang='lat' dir='ltr'>nostri</span> <span class='ocrx_word' id='word_1_188' title='bbox 351 856 401 869; x_wconf 89' lang='lat' dir='ltr'>anno</span> <span class='ocrx_word' id='word_1_189' title='bbox 415 854 488 874; x_wconf 70' lang='lat' dir='ltr'>quarto.</span> 
     </span>
    </p>
   </div>
   <div class='ocr_carea' id='block_1_4' title="bbox 325 913 464 931">
    <p class='ocr_par' dir='ltr' id='par_1_5' title="bbox 325 913 464 931">
     <span class='ocr_line' id='line_1_28' title="bbox 325 913 464 931; baseline 0 0"><span class='ocrx_word' id='word_1_190' title='bbox 325 913 380 931; x_wconf 82' lang='lat' dir='ltr'>PIUS</span> <span class='ocrx_word' id='word_1_191' title='bbox 395 913 429 931; x_wconf 90' lang='grc' dir='ltr'>ΡΡ.</span> <span class='ocrx_word' id='word_1_192' title='bbox 445 913 464 931; x_wconf 90' lang='lat' dir='ltr'><strong>X</strong></span> 
     </span>
    </p>
   </div>
  </div>
 </body>
</html>
