915 1302
350 54 467 74 eon-pamma
723 55 741 73 9³

75 108 177 132 temporale
192 107 217 127 sit
231 108 292 127 solum
306 109 391 134 gratuita
405 109 535 134 compensatio
550 115 584 133 pro
598 108 700 133 spirituali,
710 113 743 127 aut

74 143 139 158 contra
148 146 166 158 ν.
185 140 222 158 Csr.
238 140 257 159 S.
271 140 382 164 Alphonsus
397 140 436 165 (loc.
449 141 487 161 cit„
497 147 515 158 n.
523 140 566 166 54).
582 140 650 164 Neque
664 140 744 165 prodest

73 169 132 189 altera
146 170 199 192 ratio,
215 177 260 189 nam
274 175 295 190 ut
308 171 344 190 hoc
359 171 383 189 sit
397 171 469 190 licitum
483 171 583 196 requiritur
597 175 618 189 ut
631 171 660 190 ius
680 172 698 190 in
712 172 743 190 be-

74 201 140 220 neficio
155 201 180 220 sit
193 202 320 226 undequaque
335 206 406 221 certum
421 206 440 221 et
454 202 567 223 absolutum,
583 206 603 221 ut·
617 202 674 221 docet
684 202 744 221 Bene—

73 232 135 251 dictus
146 232 193 251 XIV
203 231 289 258 (de'Syn.
297 233 358 254 dioec„
366 233 397 251 lib.
406 238 436 254 12,
444 236 482 257 cap.
493 232 513 254 ὅ,
523 240 541 251 n.
551 235 583 258 9):
603 240 612 251 ‹
619 233 703 252 Habenti
714 234 743 252 ius

74 269 111 282 non
126 267 199 283 tantum
213 264 238 283 ad
252 264 365 283 beneficium
379 264 413 283 sed
426 265 446 283 in
461 265 502 289 ipso
516 264 609 283 beneficio
627 268 647 283 et
665 264 743 289 quidem

73 295 122 314 adeo
136 300 208 314 certum
218 299 238 314 et
248 295 372 317 manifestum.
382 300 402 314 ut
411 299 493 320 nequeat
505 295 641 314 rationabiliter
653 295 672 314 in
687 301 743 320 quae-

73 327 154 345 stionem
169 326 243 348 adduci,
258 327 372 351 permittitur
386 333 397 346 a
411 327 470 346 sacris
484 327 589 346 canonibus
602 327 683 352 pecunia
695 327 743 346 redi-

74 364 125 376 mere
140 358 261 377 vexationem
276 358 311 377 sibi
325 358 393 377 iniuste
408 358 478 377 illatam
488 365 506 376 ».
530 358 558 376 At
571 358 600 376 ius
614 362 743 382 praesentato-

73 395 114 407 rum
129 395 167 408 non
181 393 212 408 est
225 389 333 408 absolutum
348 389 381 408 sed
395 393 470 408 tantum
484 389 513 408 ius
527 389 551 408 ad
566 395 612 410 rem,
627 395 670 407 cum
681 389 743 407 adhuc

72 420 191 439 desideretur
204 421 296 439 canoniea
310 421 402 439 institutio
417 425 437 439 et
450 421 552 445 possessio.
587 443 589 445 .

113 451 197 470 Demum
211 451 268 470 allata
282 452 346 476 praxis
359 452 434 471 videtur
447 451 568 476 reprobanda
582 458 607 470 ex
620 451 743 470 consecmriis

72 488 122 506 quae
137 489 161 501 ex
175 489 199 501 ea
213 482 305 504 derivant,
321 487 360 501 tum
374 483 419 508 quia
433 489 467 508 per
481 483 542 507 ipsam
557 487 610 508 patet
624 482 687 501 aditus
697 483 744 501 indi-

73 514 117 539 gnis
132 514 156 533 ad
170 514 268 535 beneficia,
284 518 324 533 tum
338 515 395 533 etiarn
409 515 453 539 quia
472 515 557 539 patronis
574 511 676 539 praebetur
697 520 744 533 ansa

73 545 176 564 exercendi
189 549 243 564 actus
257 546 377 564 simoniacos.

113 576 164 595 Hinc
178 576 202 595 ad
217 577 271 595 'tanta
284 576 405 595 incommoda
414 576 492 595 vitanda
502 577 584 595 maxime
594 576 701 595 conducere
711 582 744 601 ap—

73 612 128 631 paret
142 607 245 626 declaratio
260 607 311 632 quod
325 614 374 626 onus
388 608 453 626 tuendi
463 608 503 626 iura
513 612 635 633 patronorum
645 608 664 626 in
675 607 744 626 iudicio

73 642 92 657 et
106 640 203 663 expensas
213 639 318 657 sustinendi
328 639 386 658 afficit
395 643 545 664 praesentantes.
560 639 615 658 Tunc
625 638 709 657 nonnulli
719 645 744 657 ex

73 670 159 693 patronis
173 670 197 688 ad
212 670 254 689 lites
268 670 355 689 vitandas
369 670 477 695 patronatui
491 670 544 689 facile
559 671 648 689 nuncium
662 670 743 691 mittent,

73 700 103 719 via
117 701 215 719 fraudibus
229 705 249 719 et
265 702 358 720 simoniae
376 701 518 726 praecludetur,
533 705 552 720 et
570 701 596 720 ita
614 701 685 720 sensim
703 701 744 719 sine

73 737 131 750 sensu
145 731 199 756 plura
213 732 327 756 paroecialia
340 732 433 751 beneficia
450 732 475 751 ad
494 732 617 751 Ordinarium
634 731 744 750 collatorem

73 762 168 783 redibunt,
183 763 228 781 dum
243 763 262 781 in
276 763 426 788 praesentiarum
440 769 506 782 eorum
516 763 571 781 tertia
581 769 624 787 pars
633 763 652 781 in
662 763 744 787 Compo-

73 793 154 812 stellana
167 794 251 812 dioecesi
265 794 348 813 obnoxia
362 798 426 813 manet
440 794 500 813 laicali
515 794 628 818 patronatui.

114 835 142 839 —
156 825 186 843 Ex
196 825 276 844 adverso
286 831 320 850 pro
331 826 473 844 manutentione
483 825 551 844 allatae
561 825 704 844 consuetudinis
713 825 745 843 ad-

73 857 121 875 verti
137 860 201 881 potest
215 856 272 881 quod,
288 856 474 881 praeterquamquod
489 857 530 881 ipsa
544 863 579 881 pro
595 863 616 875 se
633 856 690 875 habet
709 856 745 874 sus-

74 887 156 912 fragium
171 887 277 912 longissimi
292 888 388 912 temporis,
403 892 423 906 et
438 892 504 906 contra
518 894 561 906 earn
576 893 613 906 non
623 891 703 912 apparet
712 893 745 906 un-

74 924 132 943 quam
142 918 254 937 Ordinarios
264 918 431 943 Compostellanos
441 919 561 940 reclamasse,
572 925 610 938 non
620 917 695 937 videtur
704 922 745 937 tuto

75 950 134 968 asseri
144 956 207 974 posse,
216 950 268 975 quod
278 956 315 968 non
326 950 441 974 respondeat
451 950 533 969 iustitiae
540 950 620 975 legibus.
631 950 682 968 Sane
692 953 746 968 actus

76 982 235 1005 praesentationis
248 981 313 1000 intime
328 982 446 1000 connectitur
461 988 503 1000 cum
518 982 665 1006 inrepatronatu,
680 985 745 1005 quate—

75 1017 110 1030 nus
124 1012 161 1030 hoc
171 1016 205 1031 ‘est
219 1012 268 1031 illius
282 1011 431 1031 fundamentum.
447 1012 477 1030 Ex
491 1012 527 1031 hac
541 1012 607 1031 intima
625 1011 745 1030 connexione

76 1043 100 1064 fit.
116 1047 137 1061 ut
151 1043 242 1062 nominati
257 1043 281 1062 ad
296 1043 387 1062 tuendum
401 1043 431 1062 ius
445 1049 500 1062 suum
510 1043 534 1062 ad
544 1043 656 1062 beneficium
667 1049 745 1061 necesse
766 1050 768 1053 ·

76 1074 147 1093 habent
160 1075 247 1099 probare,
263 1074 348 1100 legitime
362 1074 418 1093 fuisse
433 1079 571 1099 praesentatos.
587 1074 642 1093 Unde
657 1080 696 1092 non
706 1078 745 1092 tam

77 1109 199 1129 patronorum
208 1112 266 1130 quam
276 1105 339 1130 potius
348 1109 512 1130 praesentaturum
523 1111 580 1124 causa
587 1105 660 1130 agitur;
675 1108 695 1123 et
701 1104 745 1123 hinc

77 1137 162 1161 aequitas
176 1137 266 1155 naturalis
280 1136 363 1162 postulat
377 1140 397 1155 ut
407 1136 425 1155 hi
435 1142 530 1161 expensas
539 1136 578 1155 litis
587 1140 705 1161 supportent,
715 1136 745 1154 vel
