915 1302
199 52 226 62 102
406 48 432 62 Ex
441 48 457 62 S.
466 48 586 70 Congregationr
596 48 655 62 Rimum

449 118 485 137 DE
499 118 619 142 CHIAPAS·

197 177 225 194 De
237 176 328 198 Episcopi
339 161 457 194 assistentia
468 176 547 192 muue-
554 176 688 193 solemni-cum
696 176 797 196 mouens.
809 180 834 193 nc
840 176 865 193 de

238 203 376 220 Communione
388 203 414 219 nb
425 202 494 219 eodem
506 203 565 219 extra
576 202 658 220 Missum
669 202 809 220 distribuenda-

238 262 298 280 Rmus
312 261 367 279 Dfius
382 260 495 279 Franciscus
508 260 583 279 Orozco
598 266 610 284 y
625 260 714 279 Limenez
725 260 832 285 Episcopus
841 260 868 279 de

198 293 283 317 Chiapas
297 292 315 311 in
330 292 412 313 Mexico,
427 292 460 316 qui
474 291 617 316 responsionem
631 292 706 316 accepit
720 298 731 310 a
745 292 803 310 Sacra
817 292 869 311 Con-

198 324 313 350 gregatione
332 324 409 342 Rituum
428 329 496 348 posse,
516 323 594 342 amentis
613 323 759 342 circumstantiis
775 323 868 344 locorum.

198 355 287 374 thronum
301 355 430 373 conscendere
445 358 535 373 mozzetta
550 358 622 373 tantum
637 354 720 376 indutuS,
736 359 803 379 postea
821 354 869 373 ulte-

199 387 238 405 rius
252 385 355 410 quaesivit:

239 417 252 435 1.
268 417 305 437 An.
321 417 398 435 attentis
412 416 480 435 iisdem
494 416 645 437 circumstantiis.
656 416 750 441 cumipse
760 416 870 441 Episcopus

199 452 311 467 mozzettam
325 454 396 472 gerens
410 448 480 467 Missae
494 447 573 466 solemni
583 447 658 469 assistit.
670 448 717 466 ritus
726 448 784 467 iidem
796 448 869 467 servari

198 480 273 505 possint
286 474 397 504 praescripti
412 485 423 497 a
437 478 577 497 Caeremoniali
596 478 745 503 Episcoporum,
764 485 807 497 cum
824 479 870 503 Epi-

199 517 268 535 scopus
282 516 344 534 cappa
358 516 429 535 magna
443 510 520 528 indutus
534 509 605 528 Missae
619 509 698 528 solemni
713 510 794 528 assistit?

240 542 262 561 11.
277 541 308 560 An
323 541 431 566 Episcopus
444 541 476 567 qui
486 547 564 560 sacram
579 541 738 560 Communionem
752 545 807 560 extra
821 541 870 560 Mis-

199 579 239 591 sam
253 572 353 593 distribuit,
369 576 412 597 post
426 578 468 590 eam
483 572 552 591 debeat
568 572 681 591 benedicere
701 578 753 591 more
772 572 828 591 solito
842 573 870 591 di·

199 603 269 622 cendo:
285 604 318 622 Sit
331 610 396 622 nomen
409 603 612 622 Dumim'bencdzktum
622 607 663 624 etc„
674 607 694 622 et
703 604 819 622 efformando
829 607 870 622 tres

201 634 279 653 cruces?
367 629 370 631 v

241 665 267 684 Et
277 666 335 684 Sacra
344 666 422 684 Rituum
432 665 571 690 Congregatio,
582 665 676 690 exquisito
686 665 832 684 Commissionis
839 665 871 684 Li-

200 697 285 722 turgieae
293 694 389 721 suffragio,
398 697 523 721 omnibusque
531 696 630 721 perpensis
637 696 778 715 rescribendum
786 697 870 715 censuit:

240 728 271 746 Ad
286 728 299 747 1.
315 728 419 752 Negativc,
439 727 473 746 sed
488 731 586 746 serventur
602 727 746 746 Caeremoniale
763 727 871 752 Episcopo-

200 766 242 778 rum
256 764 275 778 et
289 759 366 778 deci-em
380 759 399 777 S.
415 759 437 777 R¹
454 759 482 780 C.¹
498 759 579 777 scilicet:

244 793 267 809 1⁰.
279 790 386 815 Episcopus
395 790 482 809 rochetto
491 794 511 808 et
521 794 613 809 mozzetra
622 790 699 809 indutus
708 796 746 809 non
757 790 815 811 habet
824 791 870 809 assi—

200 822 289 840 stentiam
304 821 442 840 canonicorum.
459 832 470 835 -
486 821 542 840 Decr.
554 827 571 839 n.
582 823 628 845 ⁶50-

242 855 267 872 2⁰.
278 852 376 871 Incensum
392 858 429 870 non
444 852 524 876 imponit
534 858 568 871 nee
578 852 678 871 benedicit.
694 863 706 866 -
721 852 778 871 Dect.
789 858 806 871 n.
816 858 870 876 3110

201 884 226 902 ad
242 889 272 902 21.

242 917 266 939 3⁰.
278 915 319 933 Nec
333 915 428 934 benedicit
443 915 580 934 subdiaconum
595 919 639 939 post
656 914 762 939 Epistulam
777 921 811 933 nec
830 915 871 934 dia-

200 953 270 965 conum
284 950 329 965 ante
343 945 470 970 Evangelium
484 946 604 967 cantandum,
620 952 654 965 nee
669 946 737 964 librum
752 946 870 971 Evangelio-

201 985 242 997 rum
257 978 358 997 osculatur.
372 989 386 992 -
400 978 457 997 Decr.
468 984 484 996 n.
498 983 550 1001 3110
557 978 581 996 ad
597 984 627 996 22.

241 1011 267 1032 4⁰.
278 1009 341 1027 Semel
352 1013 424 1027 tantum
435 1008 552 1027 thurificatur
562 1013 605 1033 post
615 1008 685 1027 oblata.
693 1020 704 1023 -
720 1009 777 1029 Decr.
788 1015 805 1028 n.
818 1015 868 1033 2195

201 1040 226 1059 ad
242 1047 258 1061 2,
274 1044 293 1059 et
308 1040 395 1059 Caerem.
412 1039 442 1058 lib.
459 1040 481 1061 11,
496 1046 536 1064 cap,
553 1046 571 1062 9,
587 1046 604 1058 n.
621 1041 639 1058 8.

243 1074 268 1095 5⁰.
279 1072 347 1090 Pacem
362 1071 431 1095 accipit
445 1077 457 1090 a
471 1071 552 1090 diacono
566 1071 671 1096 Evangelii.
688 1082 699 1085 -
716 1071 773 1090 Decr⁴
787 1077 804 1090 n.
819 1073 869 1095 2089

202 1103 227 1121 ad
244 1108 260 1126 5.
