<?xml version="1.0" encoding="UTF-8"?>
<!DOCTYPE html PUBLIC "-//W3C//DTD XHTML 1.0 Transitional//EN"
    "http://www.w3.org/TR/xhtml1/DTD/xhtml1-transitional.dtd">
<html xmlns="http://www.w3.org/1999/xhtml" xml:lang="en" lang="en">
 <head>
  <title>
</title>
<meta http-equiv="Content-Type" content="text/html;charset=utf-8" />
  <meta name='ocr-system' content='tesseract 3.04.00' />
  <meta name='ocr-capabilities' content='ocr_page ocr_carea ocr_par ocr_line ocrx_word'/>
</head>
<body>
  <div class='ocr_page' id='page_1' title='image "actasanctaesedi05unkngoog_0104.png"; bbox 0 0 915 1302; ppageno 0'>
   <div class='ocr_carea' id='block_1_1' title="bbox 337 64 715 83">
    <p class='ocr_par' dir='ltr' id='par_1_1' title="bbox 337 64 715 83">
     <span class='ocr_line' id='line_1_1' title="bbox 337 64 715 83; baseline 0 -5"><span class='ocrx_word' id='word_1_1' title='bbox 337 64 426 83; x_wconf 60' lang='lat' dir='ltr'>rumpam.</span> <span class='ocrx_word' id='word_1_2' title='bbox 696 69 715 83; x_wconf 74' lang='lat'>99</span> 
     </span>
    </p>
   </div>
   <div class='ocr_carea' id='block_1_2' title="bbox 54 90 713 95">
    <p class='ocr_par' dir='ltr' id='par_1_2' title="bbox 54 90 713 95">
     <span class='ocr_line' id='line_1_2' title="bbox 54 90 713 95; baseline 0 0"><span class='ocrx_word' id='word_1_3' title='bbox 54 90 713 95; x_wconf 95' lang='lat' dir='ltr'> </span> 
     </span>
    </p>
   </div>
   <div class='ocr_carea' id='block_1_3' title="bbox 48 113 717 1181">
    <p class='ocr_par' dir='ltr' id='par_1_3' title="bbox 49 113 717 449">
     <span class='ocr_line' id='line_1_3' title="bbox 88 113 715 143; baseline 0 -7"><span class='ocrx_word' id='word_1_4' title='bbox 88 117 156 136; x_wconf 85' lang='lat' dir='ltr'>Prioris</span> <span class='ocrx_word' id='word_1_5' title='bbox 169 113 223 136; x_wconf 38' lang='lat' dir='ltr'>aciei*</span> <span class='ocrx_word' id='word_1_6' title='bbox 231 117 307 143; x_wconf 78' lang='lat' dir='ltr'>pugiles</span> <span class='ocrx_word' id='word_1_7' title='bbox 321 118 396 137; x_wconf 78' lang='lat' dir='ltr'>suerunt</span> <span class='ocrx_word' id='word_1_8' title='bbox 409 118 522 137; x_wconf 83' lang='lat' dir='ltr'>Franciscus</span> <span class='ocrx_word' id='word_1_9' title='bbox 532 117 563 136; x_wconf 91' lang='lat' dir='ltr'>Gil</span> <span class='ocrx_word' id='word_1_10' title='bbox 576 118 606 136; x_wconf 88' lang='lat' dir='ltr'>De</span> <span class='ocrx_word' id='word_1_11' title='bbox 616 118 715 139; x_wconf 81' lang='lat' dir='ltr'>Federich,</span> 
     </span>
     <span class='ocr_line' id='line_1_4' title="bbox 53 148 716 173; baseline 0.002 -7"><span class='ocrx_word' id='word_1_12' title='bbox 53 148 155 167; x_wconf 71' lang='lat' dir='ltr'>Matthaeus</span> <span class='ocrx_word' id='word_1_13' title='bbox 169 148 243 168; x_wconf 86' lang='lat' dir='ltr'>Alonso</span> <span class='ocrx_word' id='word_1_14' title='bbox 257 149 364 171; x_wconf 79' lang='lat' dir='ltr'>Leziniana,</span> <span class='ocrx_word' id='word_1_15' title='bbox 379 149 500 173; x_wconf 77' lang='lat' dir='ltr'>Hyacinthus</span> <span class='ocrx_word' id='word_1_16' title='bbox 515 149 625 167; x_wconf 82' lang='lat' dir='ltr'>Castaneda</span> <span class='ocrx_word' id='word_1_17' title='bbox 638 153 658 167; x_wconf 86' lang='lat' dir='ltr'>et</span> <span class='ocrx_word' id='word_1_18' title='bbox 671 149 716 167; x_wconf 93' lang='lat' dir='ltr'>Vin-</span> 
     </span>
     <span class='ocr_line' id='line_1_5' title="bbox 52 180 717 205; baseline 0.002 -7"><span class='ocrx_word' id='word_1_19' title='bbox 52 180 120 198; x_wconf 78' lang='lat' dir='ltr'>centius</span> <span class='ocrx_word' id='word_1_20' title='bbox 134 180 188 199; x_wconf 91' lang='lat' dir='ltr'>Liem</span> <span class='ocrx_word' id='word_1_21' title='bbox 202 187 213 199; x_wconf 87' lang='lat' dir='ltr'>a</span> <span class='ocrx_word' id='word_1_22' title='bbox 227 180 282 199; x_wconf 83' lang='lat' dir='ltr'>Pace.</span> <span class='ocrx_word' id='word_1_23' title='bbox 298 180 354 199; x_wconf 81' lang='lat' dir='ltr'>Primi</span> <span class='ocrx_word' id='word_1_24' title='bbox 368 180 406 199; x_wconf 90' lang='lat' dir='ltr'>duo</span> <span class='ocrx_word' id='word_1_25' title='bbox 422 180 503 205; x_wconf 84' lang='lat' dir='ltr'>hispani,</span> <span class='ocrx_word' id='word_1_26' title='bbox 523 184 567 205; x_wconf 83' lang='lat' dir='ltr'>post</span> <span class='ocrx_word' id='word_1_27' title='bbox 585 180 652 202; x_wconf 82' lang='lat' dir='ltr'>varias,</span> <span class='ocrx_word' id='word_1_28' title='bbox 672 186 717 205; x_wconf 83' lang='lat' dir='ltr'>apo-</span> 
     </span>
     <span class='ocr_line' id='line_1_6' title="bbox 51 210 715 236; baseline 0 -7"><span class='ocrx_word' id='word_1_29' title='bbox 51 210 125 229; x_wconf 81' lang='lat' dir='ltr'>stolatus</span> <span class='ocrx_word' id='word_1_30' title='bbox 140 217 203 231; x_wconf 77' lang='lat' dir='ltr'>causa.</span> <span class='ocrx_word' id='word_1_31' title='bbox 218 215 331 236; x_wconf 74' lang='lat' dir='ltr'>peragratas</span> <span class='ocrx_word' id='word_1_32' title='bbox 345 211 439 236; x_wconf 80' lang='lat' dir='ltr'>regiones,</span> <span class='ocrx_word' id='word_1_33' title='bbox 460 212 478 230; x_wconf 92' lang='lat' dir='ltr'>in</span> <span class='ocrx_word' id='word_1_34' title='bbox 497 211 619 236; x_wconf 87' lang='lat' dir='ltr'>Tunquinum</span> <span class='ocrx_word' id='word_1_35' title='bbox 634 211 715 236; x_wconf 81' lang='lat' dir='ltr'>appulsi,</span> 
     </span>
     <span class='ocr_line' id='line_1_7' title="bbox 51 242 716 267; baseline 0 -6"><span class='ocrx_word' id='word_1_36' title='bbox 51 242 164 261; x_wconf 78' lang='lat' dir='ltr'>atrocissima</span> <span class='ocrx_word' id='word_1_37' title='bbox 177 249 264 267; x_wconf 83' lang='lat' dir='ltr'>quaeque</span> <span class='ocrx_word' id='word_1_38' title='bbox 278 249 313 267; x_wconf 87' lang='lat' dir='ltr'>pro</span> <span class='ocrx_word' id='word_1_39' title='bbox 328 243 405 261; x_wconf 85' lang='lat' dir='ltr'>Christo</span> <span class='ocrx_word' id='word_1_40' title='bbox 419 243 469 267; x_wconf 89' lang='lat' dir='ltr'>passi</span> <span class='ocrx_word' id='word_1_41' title='bbox 484 247 533 264; x_wconf 84' lang='lat' dir='ltr'>sunt,</span> <span class='ocrx_word' id='word_1_42' title='bbox 553 242 600 261; x_wconf 85' lang='lat' dir='ltr'>alter</span> <span class='ocrx_word' id='word_1_43' title='bbox 618 242 671 261; x_wconf 85' lang='lat' dir='ltr'>alteri</span> <span class='ocrx_word' id='word_1_44' title='bbox 686 249 716 261; x_wconf 79' lang='lat' dir='ltr'>ae-</span> 
     </span>
     <span class='ocr_line' id='line_1_8' title="bbox 51 273 714 299; baseline 0 -7"><span class='ocrx_word' id='word_1_45' title='bbox 51 273 107 292; x_wconf 81' lang='lat' dir='ltr'>mulus</span> <span class='ocrx_word' id='word_1_46' title='bbox 120 274 139 292; x_wconf 88' lang='lat' dir='ltr'>in</span> <span class='ocrx_word' id='word_1_47' title='bbox 154 280 217 298; x_wconf 81' lang='lat' dir='ltr'>poena</span> <span class='ocrx_word' id='word_1_48' title='bbox 231 274 298 298; x_wconf 76' lang='lat' dir='ltr'>capitis</span> <span class='ocrx_word' id='word_1_49' title='bbox 312 274 426 299; x_wconf 72' lang='lat' dir='ltr'>appetenda,</span> <span class='ocrx_word' id='word_1_50' title='bbox 444 280 501 299; x_wconf 89' lang='lat' dir='ltr'>quam</span> <span class='ocrx_word' id='word_1_51' title='bbox 520 274 593 293; x_wconf 82' lang='lat' dir='ltr'>fortiter</span> <span class='ocrx_word' id='word_1_52' title='bbox 611 274 714 295; x_wconf 85' lang='lat' dir='ltr'>subierunt,</span> 
     </span>
     <span class='ocr_line' id='line_1_9' title="bbox 50 302 715 324; baseline 0 0"><span class='ocrx_word' id='word_1_53' title='bbox 50 305 153 324; x_wconf 83' lang='lat' dir='ltr'>obtruncati</span> <span class='ocrx_word' id='word_1_54' title='bbox 168 311 206 324; x_wconf 79' lang='lat' dir='ltr'>una</span> <span class='ocrx_word' id='word_1_55' title='bbox 219 302 278 324; x_wconf 69' lang='lat' dir='ltr'>simus</span> <span class='ocrx_word' id='word_1_56' title='bbox 288 312 307 324; x_wconf 79' lang='lat' dir='ltr'>xi</span> <span class='ocrx_word' id='word_1_57' title='bbox 318 305 358 324; x_wconf 81' lang='lat' dir='ltr'>Cal.</span> <span class='ocrx_word' id='word_1_58' title='bbox 369 305 467 324; x_wconf 78' lang='lat' dir='ltr'>Februarii</span> <span class='ocrx_word' id='word_1_59' title='bbox 481 312 511 324; x_wconf 83' lang='lat' dir='ltr'>an.</span> <span class='ocrx_word' id='word_1_60' title='bbox 523 306 623 324; x_wconf 68' lang='lat' dir='ltr'>&#39;uocem-v.</span> <span class='ocrx_word' id='word_1_61' title='bbox 638 305 675 324; x_wconf 82' lang='lat' dir='ltr'>Vix</span> <span class='ocrx_word' id='word_1_62' title='bbox 684 305 715 323; x_wconf 87' lang='lat' dir='ltr'>tri·</span> 
     </span>
     <span class='ocr_line' id='line_1_10' title="bbox 50 336 715 361; baseline 0 -6"><span class='ocrx_word' id='word_1_63' title='bbox 50 336 100 360; x_wconf 76' lang='lat' dir='ltr'>ginta</span> <span class='ocrx_word' id='word_1_64' title='bbox 113 340 158 361; x_wconf 86' lang='lat' dir='ltr'>post</span> <span class='ocrx_word' id='word_1_65' title='bbox 172 343 238 358; x_wconf 83' lang='lat' dir='ltr'>annos.</span> <span class='ocrx_word' id='word_1_66' title='bbox 253 337 372 361; x_wconf 80' lang='lat' dir='ltr'>Hyacinthus</span> <span class='ocrx_word' id='word_1_67' title='bbox 389 336 504 358; x_wconf 80' lang='lat' dir='ltr'>Castaneda,</span> <span class='ocrx_word' id='word_1_68' title='bbox 521 336 618 361; x_wconf 84' lang='lat' dir='ltr'>hispanus,</span> <span class='ocrx_word' id='word_1_69' title='bbox 635 340 655 355; x_wconf 79' lang='lat' dir='ltr'>et</span> <span class='ocrx_word' id='word_1_70' title='bbox 671 336 715 354; x_wconf 88' lang='lat' dir='ltr'>Vin-</span> 
     </span>
     <span class='ocr_line' id='line_1_11' title="bbox 49 367 715 392; baseline 0 -6"><span class='ocrx_word' id='word_1_71' title='bbox 49 368 118 386; x_wconf 78' lang='lat' dir='ltr'>centius</span> <span class='ocrx_word' id='word_1_72' title='bbox 137 367 190 386; x_wconf 84' lang='lat' dir='ltr'>Liem</span> <span class='ocrx_word' id='word_1_73' title='bbox 209 374 220 386; x_wconf 90' lang='lat' dir='ltr'>a</span> <span class='ocrx_word' id='word_1_74' title='bbox 239 368 294 389; x_wconf 85' lang='lat' dir='ltr'>Pace,</span> <span class='ocrx_word' id='word_1_75' title='bbox 313 368 460 392; x_wconf 83' lang='lat' dir='ltr'>Tunquinensis.</span> <span class='ocrx_word' id='word_1_76' title='bbox 480 368 564 392; x_wconf 89' lang='lat' dir='ltr'>martyrii</span> <span class='ocrx_word' id='word_1_77' title='bbox 582 367 656 392; x_wconf 80' lang='lat' dir='ltr'>palmas</span> <span class='ocrx_word' id='word_1_78' title='bbox 674 367 715 392; x_wconf 81' lang='lat' dir='ltr'>pari</span> 
     </span>
     <span class='ocr_line' id='line_1_12' title="bbox 49 397 715 423; baseline -0.002 -6"><span class='ocrx_word' id='word_1_79' title='bbox 49 398 173 417; x_wconf 79' lang='lat' dir='ltr'>aemulatione</span> <span class='ocrx_word' id='word_1_80' title='bbox 189 399 328 420; x_wconf 81' lang='lat' dir='ltr'>consociarunt,</span> <span class='ocrx_word' id='word_1_81' title='bbox 348 399 441 417; x_wconf 79' lang='lat' dir='ltr'>immanes</span> <span class='ocrx_word' id='word_1_82' title='bbox 460 403 504 423; x_wconf 88' lang='lat' dir='ltr'>post</span> <span class='ocrx_word' id='word_1_83' title='bbox 521 398 609 417; x_wconf 82' lang='lat' dir='ltr'>saevitias</span> <span class='ocrx_word' id='word_1_84' title='bbox 627 397 715 416; x_wconf 79' lang='lat' dir='ltr'>decollati</span> 
     </span>
     <span class='ocr_line' id='line_1_13' title="bbox 49 430 435 449; baseline 0 -1"><span class='ocrx_word' id='word_1_85' title='bbox 49 436 73 448; x_wconf 86' lang='lat' dir='ltr'>vu</span> <span class='ocrx_word' id='word_1_86' title='bbox 86 430 130 448; x_wconf 89' lang='lat' dir='ltr'>Idus</span> <span class='ocrx_word' id='word_1_87' title='bbox 144 430 258 448; x_wconf 86' lang='lat' dir='ltr'>Novembris</span> <span class='ocrx_word' id='word_1_88' title='bbox 272 436 302 448; x_wconf 91' lang='lat' dir='ltr'>an.</span> <span class='ocrx_word' id='word_1_89' title='bbox 318 434 435 449; x_wconf 67' lang='lat' dir='ltr'>ranem-xxm.</span> 
     </span>
    </p>

    <p class='ocr_par' dir='ltr' id='par_1_4' title="bbox 48 460 717 823">
     <span class='ocr_line' id='line_1_14' title="bbox 85 460 716 486; baseline -0.002 -7"><span class='ocrx_word' id='word_1_90' title='bbox 85 460 170 479; x_wconf 78' lang='lat' dir='ltr'>Alterius</span> <span class='ocrx_word' id='word_1_91' title='bbox 184 461 266 486; x_wconf 88' lang='lat' dir='ltr'>agminis</span> <span class='ocrx_word' id='word_1_92' title='bbox 280 461 336 480; x_wconf 85' lang='lat' dir='ltr'>officii</span> <span class='ocrx_word' id='word_1_93' title='bbox 351 461 450 486; x_wconf 79' lang='lat' dir='ltr'>dignitate,</span> <span class='ocrx_word' id='word_1_94' title='bbox 464 460 560 485; x_wconf 82' lang='lat' dir='ltr'>praecipui</span> <span class='ocrx_word' id='word_1_95' title='bbox 570 464 614 479; x_wconf 87' lang='lat' dir='ltr'>sunt</span> <span class='ocrx_word' id='word_1_96' title='bbox 623 460 716 483; x_wconf 88' lang='lat' dir='ltr'>Hierony-</span> 
     </span>
     <span class='ocr_line' id='line_1_15' title="bbox 49 491 716 517; baseline -0.001 -7"><span class='ocrx_word' id='word_1_97' title='bbox 49 498 86 510; x_wconf 85' lang='lat' dir='ltr'>mus</span> <span class='ocrx_word' id='word_1_98' title='bbox 100 492 221 514; x_wconf 80' lang='lat' dir='ltr'>Hermosilla,</span> <span class='ocrx_word' id='word_1_99' title='bbox 232 492 340 517; x_wconf 82' lang='lat' dir='ltr'>Episcopus</span> <span class='ocrx_word' id='word_1_100' title='bbox 351 492 514 517; x_wconf 71' lang='lat' dir='ltr'>Miletopolimnus</span> <span class='ocrx_word' id='word_1_101' title='bbox 523 496 542 510; x_wconf 88' lang='lat' dir='ltr'>et</span> <span class='ocrx_word' id='word_1_102' title='bbox 551 491 663 510; x_wconf 78' lang='lat' dir='ltr'>Valentinus</span> <span class='ocrx_word' id='word_1_103' title='bbox 672 491 716 509; x_wconf 88' lang='lat' dir='ltr'>Ber-</span> 
     </span>
     <span class='ocr_line' id='line_1_16' title="bbox 48 522 717 548; baseline -0.001 -7"><span class='ocrx_word' id='word_1_104' title='bbox 48 523 156 544; x_wconf 84' lang='lat' dir='ltr'>rio-Ochoa.</span> <span class='ocrx_word' id='word_1_105' title='bbox 172 523 280 548; x_wconf 84' lang='lat' dir='ltr'>Episcopus</span> <span class='ocrx_word' id='word_1_106' title='bbox 292 523 424 542; x_wconf 83' lang='lat' dir='ltr'>Centuriensis</span> <span class='ocrx_word' id='word_1_107' title='bbox 433 529 482 547; x_wconf 85' lang='lat' dir='ltr'>quos</span> <span class='ocrx_word' id='word_1_108' title='bbox 491 523 561 547; x_wconf 84' lang='lat' dir='ltr'>pariter</span> <span class='ocrx_word' id='word_1_109' title='bbox 571 522 663 547; x_wconf 79' lang='lat' dir='ltr'>Hispania</span> <span class='ocrx_word' id='word_1_110' title='bbox 674 528 717 546; x_wconf 87' lang='lat' dir='ltr'>pro-</span> 
     </span>
     <span class='ocr_line' id='line_1_17' title="bbox 48 553 716 579; baseline -0.001 -6"><span class='ocrx_word' id='word_1_111' title='bbox 48 554 90 576; x_wconf 84' lang='lat' dir='ltr'>tulit,</span> <span class='ocrx_word' id='word_1_112' title='bbox 99 558 209 573; x_wconf 83' lang='lat' dir='ltr'>sanctorum</span> <span class='ocrx_word' id='word_1_113' title='bbox 219 554 331 579; x_wconf 78' lang='lat' dir='ltr'>Martyrum,</span> <span class='ocrx_word' id='word_1_114' title='bbox 340 555 475 573; x_wconf 82' lang='lat' dir='ltr'>Consessorum</span> <span class='ocrx_word' id='word_1_115' title='bbox 482 560 504 573; x_wconf 79' lang='lat' dir='ltr'>ae</span> <span class='ocrx_word' id='word_1_116' title='bbox 512 554 613 579; x_wconf 86' lang='lat' dir='ltr'>Virginum</span> <span class='ocrx_word' id='word_1_117' title='bbox 622 553 716 572; x_wconf 79' lang='lat' dir='ltr'>foecunda</span> 
     </span>
     <span class='ocr_line' id='line_1_18' title="bbox 48 585 716 610; baseline -0.001 -6"><span class='ocrx_word' id='word_1_118' title='bbox 48 592 119 610; x_wconf 82' lang='lat' dir='ltr'>parens,</span> <span class='ocrx_word' id='word_1_119' title='bbox 135 585 205 604; x_wconf 87' lang='lat' dir='ltr'>Vicarii</span> <span class='ocrx_word' id='word_1_120' title='bbox 220 585 327 610; x_wconf 81' lang='lat' dir='ltr'>Apostolici</span> <span class='ocrx_word' id='word_1_121' title='bbox 343 585 439 610; x_wconf 85' lang='lat' dir='ltr'>Tunquini</span> <span class='ocrx_word' id='word_1_122' title='bbox 457 585 554 604; x_wconf 82' lang='lat' dir='ltr'>orientalis</span> <span class='ocrx_word' id='word_1_123' title='bbox 572 585 608 606; x_wconf 89' lang='lat' dir='ltr'>ille,</span> <span class='ocrx_word' id='word_1_124' title='bbox 628 585 716 604; x_wconf 80' lang='lat' dir='ltr'>centralis</span> 
     </span>
     <span class='ocr_line' id='line_1_19' title="bbox 49 617 716 642; baseline 0 -7"><span class='ocrx_word' id='word_1_125' title='bbox 49 617 79 638; x_wconf 82' lang='lat' dir='ltr'>hic¹</span> <span class='ocrx_word' id='word_1_126' title='bbox 95 623 174 636; x_wconf 85' lang='lat' dir='ltr'>munere</span> <span class='ocrx_word' id='word_1_127' title='bbox 189 621 284 641; x_wconf 84' lang='lat' dir='ltr'>suscepto,</span> <span class='ocrx_word' id='word_1_128' title='bbox 295 617 339 635; x_wconf 85' lang='lat' dir='ltr'>nihil</span> <span class='ocrx_word' id='word_1_129' title='bbox 348 617 523 642; x_wconf 67' lang='lat' dir='ltr'>praetermiserunt,</span> <span class='ocrx_word' id='word_1_130' title='bbox 535 621 555 635; x_wconf 89' lang='lat' dir='ltr'>ut</span> <span class='ocrx_word' id='word_1_131' title='bbox 564 623 647 636; x_wconf 84' lang='lat' dir='ltr'>messem</span> <span class='ocrx_word' id='word_1_132' title='bbox 658 623 716 641; x_wconf 89' lang='lat' dir='ltr'>quarn</span> 
     </span>
     <span class='ocr_line' id='line_1_20' title="bbox 48 647 716 672; baseline 0 -6"><span class='ocrx_word' id='word_1_133' title='bbox 48 652 125 672; x_wconf 84' lang='lat' dir='ltr'>possent</span> <span class='ocrx_word' id='word_1_134' title='bbox 139 647 253 666; x_wconf 83' lang='lat' dir='ltr'>uberrimam</span> <span class='ocrx_word' id='word_1_135' title='bbox 267 654 292 666; x_wconf 82' lang='lat' dir='ltr'>ex</span> <span class='ocrx_word' id='word_1_136' title='bbox 306 648 388 667; x_wconf 79' lang='lat' dir='ltr'>efferatis</span> <span class='ocrx_word' id='word_1_137' title='bbox 402 648 425 667; x_wconf 90' lang='lat' dir='ltr'>iis</span> <span class='ocrx_word' id='word_1_138' title='bbox 442 648 508 667; x_wconf 88' lang='lat' dir='ltr'>incolis</span> <span class='ocrx_word' id='word_1_139' title='bbox 527 648 623 670; x_wconf 81' lang='lat' dir='ltr'>referrent,</span> <span class='ocrx_word' id='word_1_140' title='bbox 643 648 716 666; x_wconf 82' lang='lat' dir='ltr'>adiuto-</span> 
     </span>
     <span class='ocr_line' id='line_1_21' title="bbox 48 678 715 704; baseline 0.001 -7"><span class='ocrx_word' id='word_1_141' title='bbox 48 679 96 698; x_wconf 86' lang='lat' dir='ltr'>ribus</span> <span class='ocrx_word' id='word_1_142' title='bbox 110 679 168 698; x_wconf 83' lang='lat' dir='ltr'>Petro</span> <span class='ocrx_word' id='word_1_143' title='bbox 182 678 266 700; x_wconf 84' lang='lat' dir='ltr'>Almato,</span> <span class='ocrx_word' id='word_1_144' title='bbox 282 679 381 698; x_wconf 75' lang='lat' dir='ltr'>sacerdote</span> <span class='ocrx_word' id='word_1_145' title='bbox 399 679 485 698; x_wconf 88' lang='lat' dir='ltr'>eiusdem</span> <span class='ocrx_word' id='word_1_146' title='bbox 504 680 589 704; x_wconf 84' lang='lat' dir='ltr'>regionis</span> <span class='ocrx_word' id='word_1_147' title='bbox 604 683 624 698; x_wconf 76' lang='lat' dir='ltr'>et</span> <span class='ocrx_word' id='word_1_148' title='bbox 637 679 715 700; x_wconf 78' lang='lat' dir='ltr'>ordiniS,</span> 
     </span>
     <span class='ocr_line' id='line_1_22' title="bbox 48 710 716 735; baseline 0.001 -7"><span class='ocrx_word' id='word_1_149' title='bbox 48 714 65 728; x_wconf 86' lang='lat' dir='ltr'>et</span> <span class='ocrx_word' id='word_1_150' title='bbox 78 710 246 735; x_wconf 82' lang='lat' dir='ltr'>Iosepho&#39;Khang</span> <span class='ocrx_word' id='word_1_151' title='bbox 261 710 369 728; x_wconf 83' lang='lat' dir='ltr'>catechista.</span> <span class='ocrx_word' id='word_1_152' title='bbox 386 710 410 729; x_wconf 82' lang='lat' dir='ltr'>Hi</span> <span class='ocrx_word' id='word_1_153' title='bbox 425 710 494 735; x_wconf 83' lang='lat' dir='ltr'>singuli</span> <span class='ocrx_word' id='word_1_154' title='bbox 509 711 556 729; x_wconf 84' lang='lat' dir='ltr'>mira</span> <span class='ocrx_word' id='word_1_155' title='bbox 572 710 664 735; x_wconf 81' lang='lat' dir='ltr'>patientia</span> <span class='ocrx_word' id='word_1_156' title='bbox 677 710 716 729; x_wconf 81' lang='lat' dir='ltr'>eni-</span> 
     </span>
     <span class='ocr_line' id='line_1_23' title="bbox 48 741 716 766; baseline 0.001 -7"><span class='ocrx_word' id='word_1_157' title='bbox 48 745 122 760; x_wconf 82' lang='lat' dir='ltr'>tuerunt</span> <span class='ocrx_word' id='word_1_158' title='bbox 136 741 155 760; x_wconf 88' lang='lat' dir='ltr'>in</span> <span class='ocrx_word' id='word_1_159' title='bbox 169 741 286 766; x_wconf 74' lang='lat' dir='ltr'>perferendis</span> <span class='ocrx_word' id='word_1_160' title='bbox 300 741 372 760; x_wconf 85' lang='lat' dir='ltr'>iniuriis</span> <span class='ocrx_word' id='word_1_161' title='bbox 390 748 450 766; x_wconf 87' lang='lat' dir='ltr'>usque</span> <span class='ocrx_word' id='word_1_162' title='bbox 464 742 488 760; x_wconf 82' lang='lat' dir='ltr'>ad</span> <span class='ocrx_word' id='word_1_163' title='bbox 503 741 582 763; x_wconf 81' lang='lat' dir='ltr'>vincula,</span> <span class='ocrx_word' id='word_1_164' title='bbox 598 741 622 760; x_wconf 92' lang='lat' dir='ltr'>ad</span> <span class='ocrx_word' id='word_1_165' title='bbox 637 742 716 760; x_wconf 81' lang='lat' dir='ltr'>verbera</span> 
     </span>
     <span class='ocr_line' id='line_1_24' title="bbox 48 772 716 797; baseline 0.001 -7"><span class='ocrx_word' id='word_1_166' title='bbox 48 776 65 790; x_wconf 88' lang='lat' dir='ltr'>et</span> <span class='ocrx_word' id='word_1_167' title='bbox 78 772 102 791; x_wconf 78' lang='lat' dir='ltr'>ad</span> <span class='ocrx_word' id='word_1_168' title='bbox 117 778 184 791; x_wconf 82' lang='lat' dir='ltr'>necem</span> <span class='ocrx_word' id='word_1_169' title='bbox 199 772 355 794; x_wconf 79' lang='lat' dir='ltr'>crudelissimam,</span> <span class='ocrx_word' id='word_1_170' title='bbox 365 779 423 797; x_wconf 84' lang='lat' dir='ltr'>quaxn</span> <span class='ocrx_word' id='word_1_171' title='bbox 432 772 503 791; x_wconf 81' lang='lat' dir='ltr'>invicto</span> <span class='ocrx_word' id='word_1_172' title='bbox 513 772 577 791; x_wconf 77' lang='lat' dir='ltr'>animo</span> <span class='ocrx_word' id='word_1_173' title='bbox 587 773 716 791; x_wconf 87' lang='lat' dir='ltr'>sustinuerunt</span> 
     </span>
     <span class='ocr_line' id='line_1_25' title="bbox 48 803 376 823; baseline 0.003 -2"><span class='ocrx_word' id='word_1_174' title='bbox 48 803 85 822; x_wconf 81' lang='lat' dir='ltr'>Cal.</span> <span class='ocrx_word' id='word_1_175' title='bbox 101 803 216 822; x_wconf 88' lang='lat' dir='ltr'>Novembris</span> <span class='ocrx_word' id='word_1_176' title='bbox 230 810 260 822; x_wconf 87' lang='lat' dir='ltr'>an.</span> <span class='ocrx_word' id='word_1_177' title='bbox 274 810 376 823; x_wconf 61' lang='lat' dir='ltr'>nocetam,</span> 
     </span>
    </p>

    <p class='ocr_par' dir='ltr' id='par_1_5' title="bbox 48 834 717 1172">
     <span class='ocr_line' id='line_1_26' title="bbox 85 834 716 860; baseline 0 -7"><span class='ocrx_word' id='word_1_178' title='bbox 85 834 168 853; x_wconf 83' lang='lat' dir='ltr'>Gloriosi</span> <span class='ocrx_word' id='word_1_179' title='bbox 183 834 252 853; x_wconf 85' lang='lat' dir='ltr'>horum</span> <span class='ocrx_word' id='word_1_180' title='bbox 267 835 350 853; x_wconf 87' lang='lat' dir='ltr'>omnium</span> <span class='ocrx_word' id='word_1_181' title='bbox 365 835 451 853; x_wconf 79' lang='lat' dir='ltr'>interitus</span> <span class='ocrx_word' id='word_1_182' title='bbox 465 834 578 860; x_wconf 82' lang='lat' dir='ltr'>pervulgata</span> <span class='ocrx_word' id='word_1_183' title='bbox 592 834 642 853; x_wconf 82' lang='lat' dir='ltr'>fama</span> <span class='ocrx_word' id='word_1_184' title='bbox 651 835 716 853; x_wconf 82' lang='lat' dir='ltr'>variis-</span> 
     </span>
     <span class='ocr_line' id='line_1_27' title="bbox 48 865 715 890; baseline -0.001 -6"><span class='ocrx_word' id='word_1_185' title='bbox 48 872 82 889; x_wconf 87' lang='lat' dir='ltr'>que</span> <span class='ocrx_word' id='word_1_186' title='bbox 97 865 189 884; x_wconf 78' lang='lat' dir='ltr'>illustrata</span> <span class='ocrx_word' id='word_1_187' title='bbox 203 865 301 890; x_wconf 80' lang='lat' dir='ltr'>prodigiis,</span> <span class='ocrx_word' id='word_1_188' title='bbox 318 866 361 884; x_wconf 88' lang='lat' dir='ltr'>Pius</span> <span class='ocrx_word' id='word_1_189' title='bbox 375 866 393 884; x_wconf 94' lang='lat' dir='ltr'>X</span> <span class='ocrx_word' id='word_1_190' title='bbox 408 866 427 884; x_wconf 88' lang='lat' dir='ltr'>P¹</span> <span class='ocrx_word' id='word_1_191' title='bbox 440 866 473 888; x_wconf 89' lang='grc' dir='ltr'>Μ.,</span> <span class='ocrx_word' id='word_1_192' title='bbox 489 872 513 885; x_wconf 83' lang='lat' dir='ltr'>ex</span> <span class='ocrx_word' id='word_1_193' title='bbox 527 866 561 884; x_wconf 85' lang='lat' dir='ltr'>SS.</span> <span class='ocrx_word' id='word_1_194' title='bbox 577 865 655 884; x_wconf 85' lang='lat' dir='ltr'>Rituum</span> <span class='ocrx_word' id='word_1_195' title='bbox 666 865 715 884; x_wconf 91' lang='lat' dir='ltr'>Con·</span> 
     </span>
     <span class='ocr_line' id='line_1_28' title="bbox 48 897 716 922; baseline 0 -7"><span class='ocrx_word' id='word_1_196' title='bbox 48 897 164 922; x_wconf 82' lang='lat' dir='ltr'>gregationis</span> <span class='ocrx_word' id='word_1_197' title='bbox 178 897 271 918; x_wconf 83' lang='lat' dir='ltr'>consulto,</span> <span class='ocrx_word' id='word_1_198' title='bbox 286 897 310 916; x_wconf 94' lang='lat' dir='ltr'>de</span> <span class='ocrx_word' id='word_1_199' title='bbox 325 897 367 916; x_wconf 92' lang='lat' dir='ltr'>VV.</span> <span class='ocrx_word' id='word_1_200' title='bbox 377 897 480 916; x_wconf 85' lang='lat' dir='ltr'>Servorum</span> <span class='ocrx_word' id='word_1_201' title='bbox 490 897 527 916; x_wconf 88' lang='lat' dir='ltr'>Dei</span> <span class='ocrx_word' id='word_1_202' title='bbox 538 897 628 921; x_wconf 80' lang='lat' dir='ltr'>martyrio</span> <span class='ocrx_word' id='word_1_203' title='bbox 637 897 716 921; x_wconf 88' lang='lat' dir='ltr'>eiusque</span> 
     </span>
     <span class='ocr_line' id='line_1_29' title="bbox 48 928 715 954; baseline 0 -7"><span class='ocrx_word' id='word_1_204' title='bbox 48 934 108 950; x_wconf 74' lang='lat' dir='ltr'>eausa,</span> <span class='ocrx_word' id='word_1_205' title='bbox 124 928 208 953; x_wconf 82' lang='lat' dir='ltr'>itemque</span> <span class='ocrx_word' id='word_1_206' title='bbox 226 929 251 947; x_wconf 90' lang='lat' dir='ltr'>de</span> <span class='ocrx_word' id='word_1_207' title='bbox 270 929 331 954; x_wconf 83' lang='lat' dir='ltr'>signis</span> <span class='ocrx_word' id='word_1_208' title='bbox 350 929 460 953; x_wconf 81' lang='lat' dir='ltr'>martyrium</span> <span class='ocrx_word' id='word_1_209' title='bbox 479 929 540 954; x_wconf 88' lang='lat' dir='ltr'>ipsum</span> <span class='ocrx_word' id='word_1_210' title='bbox 560 929 715 947; x_wconf 86' lang='lat' dir='ltr'>confirmantibus</span> 
     </span>
     <span class='ocr_line' id='line_1_30' title="bbox 49 959 715 985; baseline 0.002 -7"><span class='ocrx_word' id='word_1_211' title='bbox 49 964 135 979; x_wconf 78' lang='lat' dir='ltr'>constare</span> <span class='ocrx_word' id='word_1_212' title='bbox 148 960 208 979; x_wconf 85' lang='lat' dir='ltr'>edixit</span> <span class='ocrx_word' id='word_1_213' title='bbox 222 959 292 985; x_wconf 82' lang='lat' dir='ltr'>duplici</span> <span class='ocrx_word' id='word_1_214' title='bbox 307 960 393 979; x_wconf 69' lang='lat' dir='ltr'>seiuncta</span> <span class='ocrx_word' id='word_1_215' title='bbox 407 960 490 982; x_wconf 84' lang='lat' dir='ltr'>decreto,</span> <span class='ocrx_word' id='word_1_216' title='bbox 506 960 565 979; x_wconf 86' lang='lat' dir='ltr'>altero</span> <span class='ocrx_word' id='word_1_217' title='bbox 578 960 630 979; x_wconf 83' lang='lat' dir='ltr'>edito</span> <span class='ocrx_word' id='word_1_218' title='bbox 639 966 664 979; x_wconf 82' lang='lat' dir='ltr'>xv</span> <span class='ocrx_word' id='word_1_219' title='bbox 674 960 715 979; x_wconf 83' lang='lat' dir='ltr'>Cal.</span> 
     </span>
     <span class='ocr_line' id='line_1_31' title="bbox 49 991 716 1012; baseline 0 -2"><span class='ocrx_word' id='word_1_220' title='bbox 49 991 107 1010; x_wconf 82' lang='lat' dir='ltr'>Maias</span> <span class='ocrx_word' id='word_1_221' title='bbox 121 998 172 1011; x_wconf 84' lang='lat' dir='ltr'>anno</span> <span class='ocrx_word' id='word_1_222' title='bbox 187 997 256 1012; x_wconf 72' lang='lat' dir='ltr'>ucmv,</span> <span class='ocrx_word' id='word_1_223' title='bbox 271 991 331 1010; x_wconf 88' lang='lat' dir='ltr'>altero</span> <span class='ocrx_word' id='word_1_224' title='bbox 345 998 378 1010; x_wconf 86' lang='lat' dir='ltr'>vm</span> <span class='ocrx_word' id='word_1_225' title='bbox 393 991 434 1010; x_wconf 76' lang='lat' dir='ltr'>Cal.</span> <span class='ocrx_word' id='word_1_226' title='bbox 445 992 485 1010; x_wconf 90' lang='lat' dir='ltr'>Iulii</span> <span class='ocrx_word' id='word_1_227' title='bbox 495 998 546 1010; x_wconf 84' lang='lat' dir='ltr'>anno</span> <span class='ocrx_word' id='word_1_228' title='bbox 556 998 616 1011; x_wconf 73' lang='lat' dir='ltr'>mcmv.</span> <span class='ocrx_word' id='word_1_229' title='bbox 627 991 648 1010; x_wconf 92' lang='lat' dir='ltr'>Id</span> <span class='ocrx_word' id='word_1_230' title='bbox 658 998 716 1010; x_wconf 91' lang='lat' dir='ltr'>unum</span> 
     </span>
     <span class='ocr_line' id='line_1_32' title="bbox 49 1022 716 1047; baseline 0 -6"><span class='ocrx_word' id='word_1_231' title='bbox 49 1022 179 1047; x_wconf 86' lang='lat' dir='ltr'>inquirendum</span> <span class='ocrx_word' id='word_1_232' title='bbox 199 1027 311 1047; x_wconf 84' lang='lat' dir='ltr'>supererat,</span> <span class='ocrx_word' id='word_1_233' title='bbox 326 1027 388 1042; x_wconf 89' lang='lat' dir='ltr'>utrum</span> <span class='ocrx_word' id='word_1_234' title='bbox 405 1023 499 1041; x_wconf 84' lang='lat' dir='ltr'>Caelitum</span> <span class='ocrx_word' id='word_1_235' title='bbox 515 1023 618 1042; x_wconf 84' lang='lat' dir='ltr'>Beatorum</span> <span class='ocrx_word' id='word_1_236' title='bbox 634 1023 716 1042; x_wconf 87' lang='lat' dir='ltr'>honores</span> 
     </span>
     <span class='ocr_line' id='line_1_33' title="bbox 49 1053 716 1079; baseline 0.001 -7"><span class='ocrx_word' id='word_1_237' title='bbox 49 1053 113 1073; x_wconf 86' lang='lat' dir='ltr'>iisdem</span> <span class='ocrx_word' id='word_1_238' title='bbox 124 1054 240 1078; x_wconf 83' lang='lat' dir='ltr'>Martyribus</span> <span class='ocrx_word' id='word_1_239' title='bbox 250 1054 301 1073; x_wconf 85' lang='lat' dir='ltr'>Tuto</span> <span class='ocrx_word' id='word_1_240' title='bbox 311 1054 387 1073; x_wconf 84' lang='lat' dir='ltr'>decerni</span> <span class='ocrx_word' id='word_1_241' title='bbox 396 1059 480 1079; x_wconf 85' lang='lat' dir='ltr'>possent.</span> <span class='ocrx_word' id='word_1_242' title='bbox 491 1054 621 1078; x_wconf 83' lang='lat' dir='ltr'>Quamobrem</span> <span class='ocrx_word' id='word_1_243' title='bbox 632 1055 650 1073; x_wconf 87' lang='lat' dir='ltr'>in</span> <span class='ocrx_word' id='word_1_244' title='bbox 659 1061 716 1079; x_wconf 85' lang='lat' dir='ltr'>gene-</span> 
     </span>
     <span class='ocr_line' id='line_1_34' title="bbox 49 1084 716 1104; baseline 0.001 -1"><span class='ocrx_word' id='word_1_245' title='bbox 49 1084 80 1103; x_wconf 85' lang='lat' dir='ltr'>rali</span> <span class='ocrx_word' id='word_1_246' title='bbox 93 1088 189 1104; x_wconf 79' lang='lat' dir='ltr'>conventu</span> <span class='ocrx_word' id='word_1_247' title='bbox 204 1085 269 1104; x_wconf 73' lang='lat' dir='ltr'>habito</span> <span class='ocrx_word' id='word_1_248' title='bbox 279 1092 342 1104; x_wconf 85' lang='lat' dir='ltr'>coram</span> <span class='ocrx_word' id='word_1_249' title='bbox 352 1085 421 1104; x_wconf 86' lang='lat' dir='ltr'>eodem</span> <span class='ocrx_word' id='word_1_250' title='bbox 430 1086 491 1104; x_wconf 71' lang='lat' dir='ltr'>SSffio</span> <span class='ocrx_word' id='word_1_251' title='bbox 501 1085 524 1104; x_wconf 93' lang='lat' dir='ltr'>D.</span> <span class='ocrx_word' id='word_1_252' title='bbox 536 1086 559 1104; x_wconf 92' lang='lat' dir='ltr'>N.</span> <span class='ocrx_word' id='word_1_253' title='bbox 570 1092 617 1104; x_wconf 84' lang='lat' dir='ltr'>xvm</span> <span class='ocrx_word' id='word_1_254' title='bbox 627 1085 666 1104; x_wconf 91' lang='lat' dir='ltr'>Cal.</span> <span class='ocrx_word' id='word_1_255' title='bbox 678 1085 716 1104; x_wconf 85' lang='lat' dir='ltr'>De-</span> 
     </span>
     <span class='ocr_line' id='line_1_35' title="bbox 49 1115 717 1135; baseline 0.003 -2"><span class='ocrx_word' id='word_1_256' title='bbox 49 1116 133 1134; x_wconf 82' lang='lat' dir='ltr'>cembres</span> <span class='ocrx_word' id='word_1_257' title='bbox 147 1115 242 1135; x_wconf 85' lang='lat' dir='ltr'>volventis</span> <span class='ocrx_word' id='word_1_258' title='bbox 255 1116 300 1134; x_wconf 87' lang='lat' dir='ltr'>anni</span> <span class='ocrx_word' id='word_1_259' title='bbox 314 1116 375 1135; x_wconf 80' lang='lat' dir='ltr'>Rmus</span> <span class='ocrx_word' id='word_1_260' title='bbox 390 1116 497 1135; x_wconf 79' lang='lat' dir='ltr'>Cardinalis</span> <span class='ocrx_word' id='word_1_261' title='bbox 512 1116 623 1135; x_wconf 82' lang='lat' dir='ltr'>Dominicus</span> <span class='ocrx_word' id='word_1_262' title='bbox 638 1116 717 1135; x_wconf 77' lang='lat' dir='ltr'>Ferrata</span> 
     </span>
     <span class='ocr_line' id='line_1_36' title="bbox 50 1146 716 1172; baseline 0 -7"><span class='ocrx_word' id='word_1_263' title='bbox 50 1146 90 1165; x_wconf 78' lang='lat' dir='ltr'>loco</span> <span class='ocrx_word' id='word_1_264' title='bbox 97 1151 117 1165; x_wconf 85' lang='lat' dir='ltr'>et</span> <span class='ocrx_word' id='word_1_265' title='bbox 126 1147 168 1165; x_wconf 82' lang='lat' dir='ltr'>viee</span> <span class='ocrx_word' id='word_1_266' title='bbox 178 1147 235 1166; x_wconf 86' lang='lat' dir='ltr'>Card.</span> <span class='ocrx_word' id='word_1_267' title='bbox 246 1147 345 1172; x_wconf 81' lang='lat' dir='ltr'>Seraphini</span> <span class='ocrx_word' id='word_1_268' title='bbox 356 1147 433 1166; x_wconf 84' lang='lat' dir='ltr'>Cretoni</span> <span class='ocrx_word' id='word_1_269' title='bbox 444 1153 513 1166; x_wconf 82' lang='lat' dir='ltr'>causae</span> <span class='ocrx_word' id='word_1_270' title='bbox 523 1147 622 1168; x_wconf 80' lang='lat' dir='ltr'>Relatoris.</span> <span class='ocrx_word' id='word_1_271' title='bbox 638 1147 716 1165; x_wconf 88' lang='lat' dir='ltr'>dubium</span> 
     </span>
    </p>

    <p class='ocr_par' dir='ltr' id='par_1_6' title="bbox 559 1174 563 1181">
     <span class='ocr_line' id='line_1_37' title="bbox 559 1174 563 1181; baseline 0 -1"><span class='ocrx_word' id='word_1_272' title='bbox 559 1174 563 1181; x_wconf 81' lang='grc'><strong><em>,</em></strong></span> 
     </span>
    </p>
   </div>
  </div>
 </body>
</html>
