915 1302
219 42 245 56 Ex
255 42 270 56 s.
279 43 335 61 Congr.
347 42 362 56 s
371 42 389 56 κ,
400 45 414 56 ιι
426 42 443 56 υ.
455 42 553 61 Inquisitionis
704 42 722 56 25

60 94 191 113 Sacerdotibus
202 96 343 117 navigantibus
359 96 469 113 conceditur
481 96 564 113 facultas
580 96 689 117 excipiendi
704 96 724 113 ln

97 122 164 139 itinere
176 122 311 139 confessiones
322 123 383 139 etiam
394 122 481 140 fidelium
491 128 530 139 non
542 123 684 144 navigantium.

205 163 265 181 Faria
274 163 288 181 I
292 163 313 183 V,
323 163 354 181 dit
363 168 386 181 12
396 163 503 181 Decembris
512 162 568 188 1906.

94 207 112 225 ln
123 207 280 232 Congregatione
289 207 374 232 generali
385 207 403 226 S.
415 208 437 226 R.
448 212 469 226 et
477 207 501 226 U.
510 207 639 232 inquisitionis
649 207 691 226 Emi
701 213 723 226 ac

59 238 96 256 ani
110 238 147 257 Dfii
157 239 291 257 decreverunt:

93 266 242 294 Supplieandum
263 270 324 289 SSriio
342 274 363 288 ut
381 270 486 289 concedere
503 270 594 295 dignetur
614 270 724 289 sacerdotes

58 295 171 326 navigantes,
182 301 206 320 de
216 301 285 326 quihus
294 307 351 326 supra
359 301 395 325 (1),
406 302 486 325 quoties,
497 301 577 320 durante
587 302 659 322 itinere,
670 301 724 320 navis

58 332 149 353 consistat,
165 332 295 351 confessiones
305 332 393 357 excipere
404 339 460 357 posse
470 336 511 351 turn
523 332 606 351 fidelium
616 333 648 357 qui
658 333 725 357 quavis

57 369 78 381 ex
91 370 148 382 causa
162 363 187 382 ad
202 370 269 382 navem
283 364 381 385 accedant.
397 368 436 382 tum
450 370 517 382 eorum
531 364 569 388 qui,
584 364 630 388 ipsis
643 364 690 382 sorte
706 363 725 382 in

58 398 122 413 terram
136 395 198 414 obiter
211 395 372 414 descendentibus
386 395 471 414 confiteri
489 399 556 419 petant
574 401 645 419 eosque
663 394 725 413 valide

57 432 76 444 ac
88 425 139 445 licite
153 426 252 445 absolvere
266 433 323 451 posse
337 426 395 445 etiam
409 432 420 445 a
430 427 506 445 casibus
516 426 618 445 Ordinatio
628 426 665 445 loci
677 426 725 445 forte

57 457 159 478 reservatis,
174 457 279 476 dummodo
293 462 357 476 tamen
373 468 384 471 -
399 457 450 482 quod
461 458 485 476 ad
495 458 599 476 secundum
608 464 674 476 casum
684 464 725 482 spe-

57 492 91 506 ctat
104 499 117 502 -
132 488 195 507 nulius
208 489 227 507 in
242 488 285 507 loco
299 488 328 507 vel
343 489 409 507 unicus
424 493 497 507 tantum
512 489 536 507 sit
550 489 641 507 sacerdos
655 489 724 513 adpro-

56 519 107 538 batus
121 523 142 538 et
155 519 208 538 facile
222 520 258 538 loci
273 520 386 538 Ordinarius
400 520 447 538 adiri
462 524 549 544 nequeat.

92 551 185 575 Sequenti
198 557 245 570 vero
263 551 309 570 seria
323 551 346 572 V,
362 551 393 570 die
410 557 432 574 ¹3
447 551 533 569 eiusdem
550 551 621 569 mensis
640 555 659 569 et
673 551 724 572 anni,

56 581 122 599 SSinus
138 581 161 599 D.
178 581 201 599 N.
217 581 261 600 Pius
275 581 309 606 PR
325 581 344 599 Χ
358 582 424 599 annuit
438 588 473 605 pro
487 582 550 606 gratia
564 581 617 599 iuxta
634 580 725 599 Emorum

57 613 130 631 Patrum
145 608 250 637 suffragia.‘

268 644 335 662 Petrus
346 643 461 665 Palombelli,
473 644 492 662 S,
502 644 526 662 R.
535 646 552 662 ct
563 643 585 662 U.
596 644 612 662 I.
623 643 724 662 Notarius.

56 717 117 739 Super
129 718 277 739 dispensatione
288 719 314 735 ab
326 719 470 739 irregularitate
482 722 507 734 ex
515 717 591 734 defectu
598 718 693 735 natalium
701 719 726 735 ob

97 745 198 762 haeresim
210 745 318 765 parentum.

215 786 275 804 Faria
282 786 296 804 l
300 786 321 807 V,
332 786 362 804 die
369 791 384 810 5
391 786 499 804 Decembris
508 784 564 810 1906.

94 831 115 849 In
124 830 282 855 Congregatione
292 830 377 855 generali
388 831 406 850 S.
416 831 438 849 R.
447 835 467 849 et
476 830 499 849 U.
511 830 640 855 inquisitionis
652 830 694 848 Emi
704 837 727 850 ac

57 861 98 880 Rffli
112 862 151 880 Dfii
165 862 300 881 decreverunt:

95 893 265 918 Dispensationem
280 899 336 917 super
351 892 495 917 irregularitate,
510 899 535 911 ex
549 892 624 911 defectu
637 892 727 911 natalium

58 924 81 942 ob
94 925 188 943 haeresim
198 929 299 948 parentum
309 924 367 942 semel
378 930 489 942 concessam
499 924 523 942 ad
536 923 676 948 suscipiendam
686 927 728 942 ton-

58 961 119 974 suram
133 960 153 974 et
166 955 250 974 Ordines
265 955 352 976 minores,
368 955 431 974 valere
445 956 502 973 etiam
516 955 540 973 ad
551 955 682 979 suscipiendos
693 955 728 973 Or-

58 987 110 1006 dines
126 988 213 1006 maiores.

96 1019 187 1044 Sequenti
195 1025 241 1037 vero
249 1018 294 1037 seria
302 1018 325 1039 V,
334 1018 365 1036 die
373 1019 384 1036 6
395 1018 480 1036 eiusdem
489 1018 559 1036 mensis
566 1021 586 1035 et
595 1017 645 1038 anni,
657 1017 728 1035 SSrnus

59 1050 81 1068 D.
92 1051 117 1070 N.
127 1050 171 1069 Pius
180 1050 215 1068 PP.
226 1049 245 1068 X
259 1050 356 1068 decretum
371 1049 462 1067 En'wrum
477 1049 553 1075 Parrum
567 1048 686 1073 adprobavit.

254 1090 321 1108 Petrus
335 1089 452 1110 Palombelli,
468 1089 488 1108 S.
500 1089 524 1107 R.
535 1092 552 1107 tt
565 1089 587 1107 U.
598 1089 614 1107 I.
625 1088 727 1107 Maturius.

97 1136 102 1153 (
106 1137 119 1153 ι)
129 1135 158 1149 εῖτ.
171 1136 206 1149 Acta
216 1135 232 1149 S⁴
243 1134 290 1151 Sedis,
301 1134 329 1148 νοι
340 1138 365 1151 40,
377 1138 409 1152 pag.
420 1137 443 1150 ²⁴*

103 1214 108 1223 l
