915 1302
168 49 186 67 ⁵4
377 50 402 63 Ex
409 49 424 64 S.
434 49 555 69 Congraegatione
566 49 625 64 Rituum

168 110 203 122 nae
218 104 245 122 rei
259 104 383 128 operantibus
396 104 415 122 in
425 108 535 128 pervetusto
544 103 615 123 sacello
628 111 640 122 a
650 104 707 123 Rosis
724 96 839 129 nuncupatio,

167 134 233 153 Sancti
247 135 307 153 Patris
322 135 417 154 Francisci
432 135 484 154 miris
493 135 583 154 virtutum
593 134 686 159 exemplis
696 135 794 160 gestisque
804 134 841 153 cla-

167 166 248 188 rissimo,
264 166 342 185 Missam
356 167 440 185 votivam
454 166 478 185 de
493 166 562 185 eodem
577 170 643 185 sancto
658 166 773 185 Confessore
783 166 840 185 liceat

167 198 269 219 celebrare,
284 198 320 217 etsi
334 198 424 217 Officium
439 198 486 217 ritus
500 197 582 222 duplicis
596 202 692 219 occurrat,
711 198 775 223 prouti
793 198 842 217 eius-

169 229 220 248 modi
234 229 335 254 privilegio
349 229 409 248 ditata
424 233 468 247 sunt
481 229 571 248 sacellum
584 229 717 251 Portiuneulae
731 232 751 248 et
760 227 841 248 al‘terum

168 260 213 279 olim
231 260 350 281 cubiculum.
368 260 386 278 in
401 266 439 284 quo
453 264 531 279 sanctus
546 260 655 279 Patriarcha
669 260 695 279 ad
709 260 799 279 caelestia
812 267 842 279 re-

168 297 208 316 gna
222 291 314 310 transivit.

209 322 268 340 Sacra
281 328 338 346 porro
353 322 431 341 Rituum
446 323 584 347 Congregatio,
599 323 666 347 vigore
681 322 790 342 facultatum
805 323 842 341 sihi

169 353 276 378 specialiter
286 354 310 372 ab
320 354 389 372 eodem
404 354 528 372 Sanctissimo
542 353 627 372 Domino
641 354 713 372 Nostro
722 354 841 375 fflbutarum.

169 385 249 409 petitum
263 385 334 408 Missae
348 385 423 404 votivae
437 385 557 410 privilegium
572 385 596 403 ad
611 385 700 404 sacellum
714 385 739 404 de
749 385 806 404 Rosis
815 385 843 404 ita

169 416 252 441 benigne
266 416 358 438 extendit,
369 420 389 435 ut
403 416 480 435 cuillbet
489 416 584 435 sacerdoti
594 416 665 435 ibidem
674 416 753 435 Sacrum
763 416 842 438 facturo,

169 447 250 466 Missam
262 448 346 467 votivam
360 448 384 466 de
399 448 470 466 Sancto
481 448 590 469 Francisco,
602 448 628 466 uti
638 448 656 466 in
667 447 698 466 die
708 452 775 472 quarta
784 448 845 466 Octo-

170 479 213 501 briS,
229 479 257 498 sas
270 480 295 498 sit
309 479 414 500 celebrare:
432 479 537 498 dummodo
552 485 589 498 non
609 483 696 498 occurrat
714 479 791 504 Duplex
806 479 844 504 pri—

171 517 213 529 mae
231 510 261 529 vel
277 511 373 529 secundae
387 511 459 532 classis,
475 515 508 529 aut
524 510 592 529 festum
607 510 631 529 de
645 515 748 535 praecepto
767 516 844 529 servan-

170 542 227 563 dum.
244 548 317 560 necnon
335 542 391 563 seria,
406 542 471 566 vigilia
485 541 515 560 vel
534 545 602 560 octava
618 547 667 566 quae
685 542 710 560 sit
727 548 752 560 ex
769 541 844 566 privile-

170 573 238 598 giatis:
253 573 333 592 servatis
347 573 439 591 Rubrlcis.
456 572 561 591 Contrariis
576 578 613 591 non
628 572 748 591 obstantibus
765 572 844 596 quibus-

171 610 258 628 cumque.

212 635 249 654 Die
264 640 288 659 27
304 635 344 654 lulii
362 636 417 658 1906.

316 676 340 694 A.
356 675 412 694 Card.
424 675 509 696 Tmzrx,
524 674 691 698 Pro-Praefictus.
813 699 816 702 ι

354 713 364 733 †
379 711 402 729 D.
414 710 487 731 Paniai.¹
495 710 584 734 Archiep.
596 710 706 731 Laodicen.
717 710 843 728 Secretarius.

434 794 582 814 DECRETUM

255 840 282 856 De
293 844 330 856 usu
341 840 420 860 linguae
432 839 551 856 slavonicae
563 839 583 855 in
595 843 653 855 sacra
665 838 758 859 bitum-in.

213 885 274 904 Acres
288 885 312 903 de
321 884 409 909 liturgico
419 884 536 909 palaeoslavi
546 889 579 902 seu
589 883 695 908 glagolitici
705 883 798 902 sermonis
810 889 846 901 usu

173 916 318 937 controversias
333 922 383 940 quae
397 915 448 934 diu
444 922 480 933 iam
495 916 514 933 in
524 915 627 939 provinciis
640 914 750 945 Goritiensi
761 914 846 933 Iadrensi

173 952 192 966 et
206 947 330 972 Zagrabiensi
344 947 444 965 dioeceses
458 946 521 971 plures
531 950 680 967 commoverunt,
692 940 809 970 compositas
819 949 846 964 at-

174 985 211 1003 que
225 978 274 997 adeo
288 978 372 997 sublatas
386 978 464 996 omnino
479 984 521 996 esse
536 977 628 1002 oportuit,
644 981 688 1002 post
706 983 730 995 ea
747 983 796 1001 quae
813 976 847 995 Sa-

173 1016 225 1029 crum
240 1009 276 1028 hoc
291 1008 396 1028 Consilium
413 1009 496 1032 itemque
510 1008 555 1027 illud
574 1008 729 1033 extraordinariis
748 1007 847 1026 Ecclesiae

174 1041 258 1066 negotiis
271 1040 406 1065 praepositum.
416 1039 511 1058 Pontificis
521 1039 600 1058 Maximi
611 1039 687 1058 nomine
697 1043 717 1057 et
726 1039 846 1060 auctoritate,

174 1073 290 1091 decreverat.
306 1072 343 1091 Sed
358 1076 422 1090 tamen
437 1071 521 1090 nondum
536 1071 588 1095 ipsas
602 1070 733 1095 conquievisse
743 1069 847 1088 dolendum

174 1108 213 1124 est:
230 1104 323 1128 siquidem
338 1103 367 1121 hic
382 1109 445 1121 sermo
459 1103 568 1121 etiamnunc
582 1101 703 1120 multifariam
717 1105 784 1120 contra
793 1107 847 1125 prae-

175 1136 266 1160 scriptum
281 1138 380 1159 usurpatur
395 1134 413 1153 in
427 1133 558 1158 perfunctione
578 1139 684 1154 sacrorum;
703 1132 722 1151 id
736 1132 787 1157 quod
807 1129 847 1150 tion
