915 1302
343 74 440 93 Αιωημιιιη.
706 73 724 87 s·

61 128 115 152 ipsius
128 128 204 153 capituli
218 128 319 153 delegatus
334 128 352 146 in
367 134 458 146 concursu
473 125 516 146 cui-n
531 127 615 152 parocho
627 127 658 146 vel
672 128 727 152 paro-

60 159 86 177 chi
99 159 206 178 substituto.
222 158 254 177 Ad
268 159 378 178 instantiam
391 163 456 178 autem
470 158 552 183 capituli,
570 158 601 177 die
621 164 646 181 29
661 158 727 177 Ianua-

60 190 79 208 rii
95 196 143 214 1903
158 190 265 215 Episcopus
279 190 420 209 extraiudiciale
433 190 476 209 tulit
489 190 598 211 decretum,
613 196 651 214 quo
665 189 727 208 decla-

59 222 103 240 ravit
120 222 168 240 ‹ius
181 221 279 240 deserendi
294 221 362 240 stolam
381 219 400 240 in
417 221 494 246 privatis
512 222 627 240 cadaverum
645 221 726 239 associa-

60 253 139 271 tionibns
153 257 240 277 specmre
258 252 282 271 ad
301 252 405 277 parochum
423 256 466 273 aut,
486 252 528 277 ipso
546 252 632 274 absentey
647 251 672 270 ad
685 251 727 270 eius

60 284 202 309 viceparochum
219 284 250 303 vel
268 284 405 309 delegatum».
423 283 495 302 Verum
513 283 618 308 capitulum
637 283 661 302 ad
677 282 727 301 hane

60 315 76 334 S.
90 315 111 334 C.
127 316 218 334 adversus
232 315 340 334 huiusmodi
354 315 452 334 decretum
466 314 569 339 appellavit
582 321 606 333 ea
615 314 727 339 praesertim

60 347 81 365 de
94 353 152 366 causa
165 346 222 371 quod,
241 351 342 371 praesente
360 346 424 371 aliquo
440 346 543 368 canonico,
562 346 680 364 tribuebatur
698 345 727 364 ius

59 378 152 397 deferendi
167 378 235 396 stolam
250 378 306 396 etiam
325 377 452 402 viceparocho
471 381 503 396 aut
521 377 599 402 parochi
618 377 726 396 substituto.

96 408 250 429 Deductiones
260 409 358 434 capituli.
372 409 419 427 Eius
432 408 537 427 advocatus
551 408 640 433 postulati
649 412 670 427 ut
683 409 728 427 cita-

59 445 95 459 tum
109 440 207 459 decretum
222 440 331 461 infirmetur,
346 447 369 459 eo
384 440 435 465 quod
452 440 471 458 in
490 440 574 464 capitulo
593 440 663 459 residet
682 446 728 459 cura

59 471 157 497 habitualis
170 471 282 490 animarum.
298 471 378 490 Attenta
392 471 443 490 enim
453 471 498 490 iuris
508 471 639 496 dispositione,
650 470 727 495 quando

59 502 137 521 ecclesia
151 502 259 527 collegiata,
275 502 301 520 uti
316 503 334 520 in
348 502 438 523 themate.
447 506 477 521 est
485 502 544 521 etiam
553 502 671 527 paroecialis,
683 508 728 520 cura

59 533 161 552 animarum
176 533 297 552 habitualiter
310 539 370 558 penes
384 533 487 558 capitulum
501 533 601 552 invenitur.
612 533 649 552 Csr.
661 533 728 558 Pigna-

60 564 94 583 oelli
102 564 153 589 (tom.
164 570 183 590 9,
191 571 237 583 tons.
245 564 288 590 169,
299 571 317 583 n.
326 564 365 589 ιο),
375 565 406 583 De
414 564 465 583 Luca
474 565 514 588 (Da
521 564 586 588 bone-fi,
592 564 636 583 disc.
645 563 679 588 6⁰)
691 568 726 583 etc.

60 595 114 619 Quod
129 596 251 614 confirmatur
265 596 322 614 etiarn
336 602 361 614 ex
375 602 398 614 eo
407 596 458 620 quod
469 596 562 620 parochus
576 596 728 620 praeposituram

60 634 132 652 semper
147 627 228 646 obtinuit
242 628 282 646 sine
296 634 389 646 concursu
403 631 447 646 anve
467 627 530 646 Bullas
548 627 653 646 Clementis
667 627 695 646 XI
709 631 729 645 et

61 658 156 677 Benedicti
171 658 222 680 XIV,
238 665 281 677 eum
295 659 434 683 praecipientes
448 658 506 677 etiam
516 665 551 683 pro
560 658 687 683 dignitatibus
697 658 729 677 ad-

60 696 126 709 nexam
136 690 250 708 habentibus
259 696 323 708 curam
333 690 444 709 animarum.
460 690 513 709 Idem
520 690 625 708 advocatus
631 690 729 708 adstruere

60 721 121 739 nititur
135 727 160 739 ex
173 720 258 745 pluribus
276 721 349 739 actibus
367 721 546 740 iurisdictinnalibus
561 728 573 740 a
590 721 673 745 capitulo
692 727 729 740 una

60 758 99 770 curn
113 752 198 776 parocho
212 752 305 774 exercitis,
321 752 422 777 praecipue
437 755 487 771 vero'
498 758 523 770 ex
532 752 582 771 facto
592 752 642 777 quod
656 752 674 770 in
683 752 730 771 duo-

61 783 93 801 bus
107 783 181 802 iudiciis
200 790 211 802 a
226 784 336 808 Praeposito
355 783 451 802 intentatis
469 787 535 802 contra
553 783 657 808 parochum
676 783 730 802 finiti-

61 820 109 833 mum
124 814 173 833 circa
187 809 345 833 delimitationem
359 815 423 833 finium
438 814 574 839 parochialium
588 819 608 833 et
620 814 731 833 vindicatio-

62 851 101 864 nem
111 845 211 864 cuiusdam
220 846 296 867 funeris,
306 847 348 870 ipse
358 852 395 864 una
404 852 446 864 cum
461 845 545 870 capitulo
559 846 605 871 egit.

99 877 185 895 Adnotat
199 877 277 901 insuper
295 877 398 901 capitulum
417 877 487 896 nedum
507 877 577 896 habere
597 883 661 896 curam
679 877 730 895 habi-

61 907 134 929 tualem,
150 908 183 926 sed
198 908 215 926 ei
230 908 286 927 etiam
297 912 406 932 competere
416 908 507 927 nonnulla
517 908 556 926 iura
566 908 688 932 parochialia,
699 914 728 927 ex.

62 945 88 963 gr.
102 939 206 958 celebratio
220 939 289 958 missae
303 939 422 964 exsequialis,
433 944 500 964 quarta
510 936 609 961 funeraria,
622 939 730 958 benedictio

63 976 200 995 puerperarum.
220 970 327 989 benedictio
345 971 401 989 sontis
419 971 537 995 baptismalis
554 975 574 989 et
592 971 692 989 domorum
711 971 730 989 in

63 1000 143 1020 sabbato
157 1005 228 1022 sancto,
244 1002 316 1020 taxatio
330 1002 501 1020 emolumentorum
516 1001 534 1020 in
549 1001 650 1023 funeribus.
666 1008 744 1026 percen.

63 1033 100 1056 ptio
117 1033 234 1056 oblationum
252 1039 277 1051 ex
294 1033 381 1057 baptismi
399 1037 419 1051 et
436 1033 550 1051 matrimonii
567 1032 730 1052 administratione

64 1064 212 1087 promanantium
226 1068 262 1083 etc¹
278 1064 363 1083 Iamvero
377 1064 454 1089 quando
469 1064 557 1088 paroecia
571 1068 601 1082 est
611 1064 662 1082 unita
676 1064 731 1082 colle-

64 1095 124 1119 giatae
137 1100 157 1114 et
170 1096 257 1114 eiusdem
271 1096 374 1120 capitulum
388 1096 493 1114 admittitur
500 1095 524 1114 ad
535 1095 602 1114 horum
612 1096 679 1114 iurium
689 1102 731 1120 par-

64 1126 194 1150 ticipationem,
210 1127 246 1146 hoc
261 1133 382 1151 praesumere
396 1127 440 1145 facit
454 1127 516 1145 inesse
533 1126 552 1145 in
568 1126 652 1151 capitulo
665 1133 730 1145 curam

114 1170 142 1181 Aru
150 1169 163 1182 s.
170 1169 209 1183 san,
216 1169 240 1180 ναι.
248 1169 270 1183 Χι,
275 1169 308 1183 laur.
318 1170 330 1180 2.
670 1169 678 1180 ο
