915 1302
341 57 433 71 Namurcen.
708 57 716 72 5
720 61 724 71 1

58 116 90 129 nec
103 111 185 129 anteacti
200 111 261 130 morbi
276 111 380 135 quidquam
395 111 486 129 remansit
500 111 535 129 nisi
549 111 633 129 vulneris
644 111 727 129 obducta

59 142 138 160 cicatrix.

95 173 187 195 Alterum,
203 173 253 192 haud
268 174 326 198 priori
340 173 432 195 absimile,
448 173 559 192 miraculum
570 173 651 198 contigit
660 173 727 192 loanni

58 204 118 223 Natali
132 205 226 230 Gregoire
241 211 251 223 e
266 205 391 224 Namurcensi
406 205 477 230 oppido
491 205 564 229 Jambe.
579 205 628 224 Huic
640 211 651 224 a
661 211 726 230 puero,

59 240 98 260 post
112 242 190 261 gravem
205 236 285 261 lapsum,
301 236 393 255 tumefieri
408 242 451 255 crus
470 236 539 260 coepit,
559 236 627 260 aperiri
646 236 726 254 subinde

59 267 129 288 vulnus,
144 267 207 286 induci
222 268 282 286 caries
296 262 316 285 in'
329 267 385 288 tibia;
405 271 444 286 tum
461 267 532 286 ossium
550 267 657 294 fragmenta
671 267 726 286 educi

58 298 179 323 putridosque
194 299 283 317 humores
298 299 397 323 profluere.
413 299 502 317 Morbum
517 298 559 323 plus
574 298 659 316 minusve
669 298 727 319 laten-

59 334 94 348 tem
108 329 198 354 perduxit
212 330 293 349 loannes
311 330 335 348 ad
355 336 415 354 usque
433 330 543 348 vicesimum
563 330 633 348 aetatis
649 336 726 351 annum,

58 361 117 379 donec
132 361 209 379 ineunte
223 367 252 380 an.
268 367 391 380 uocem-xxxi
405 361 462 386 longe
477 361 554 385 gravius
565 361 669 379 excruciari
685 367 727 379 coe-

59 392 84 416 pit
97 398 119 410 ac
134 392 228 410 debilitari
243 392 270 410 sic
285 396 305 410 ut
320 392 379 410 macie
394 392 596 411 consumi-videretur.
611 392 666 410 Tunc
676 391 727 410 omni

58 423 161 442 sanationis
176 423 265 442 intercisa
279 429 318 448 spe,
334 424 442 442 invocatum
461 427 491 442 est
505 423 553 442 Ven.
572 423 629 441 Iuliae
648 423 728 448 patroci-

59 454 113 475 nium,
129 454 183 473 cuius
197 454 285 479 apposita
299 455 347 473 cruri
362 454 446 479 reliquia,
461 455 523 479 primo
534 455 577 479 ipso
587 454 727 473 novendialium

58 486 216 510 supplicationum
230 486 267 507 die,
283 486 369 505 morbum
384 492 460 505 ornnem
474 485 525 504 illico
539 486 661 511 propulsavit.

96 517 184 535 Tertium
198 517 279 541 contigit
293 517 403 535 miraculum
417 517 515 535 Ludovico
525 517 621 538 Waelens,
632 517 728 542 agricolae

58 546 75 565 in
89 547 163 572 oppido
177 547 297 571 Kuysselede
312 547 416 572 Brugensis
429 548 528 569 dioecesis.
544 554 574 566 an.
586 554 727 567 »mecei-xxxvx.

59 578 92 597 Hie
106 582 152 597 octo
166 578 225 597 ferme
239 583 259 597 et
272 579 340 604 viginti
354 585 415 598 annos
429 579 544 597 saevissimis
558 580 682 603 torquebatur
692 583 729 598 sto-

58 609 117 628 machi
133 610 248 628 cruciatibus
263 616 305 628 cum
320 610 425 634 perdifficili
443 610 552 635 digestione
566 614 586 628 et
600 616 671 635 magna
687 616 729 628 san-

57 642 120 666 guinis
139 642 253 663 vomitione,
275 646 353 666 propter
371 646 484 666 conceptum
501 642 520 661 in
539 648 563 660 eo
582 642 654 660 viscere
669 641 727 660 ulcus.

58 673 145 697 Cumque
159 673 196 691 iam
211 673 264 691 cibos
278 673 359 692 retinere
374 673 434 692 nullos
448 677 519 697 posset,
534 679 557 692 ae
569 673 700 691 deficientibus
710 673 728 691 in

58 704 97 722 dies
111 704 190 725 viribus,
205 708 291 723 extrema
306 704 366 723 macie
377 704 507 725 conficeretur,
518 710 627 729 supremam
637 704 687 722 vitae
696 704 729 726 ho<

59 741 96 753 rarn
111 735 212 753 imminere
226 735 261 754 sibi
276 736 376 754 sentiebat.
392 736 442 754 Inter
456 736 503 754 haec
518 735 566 754 Ven.
582 734 640 753 Iuliae
649 735 729 759 patroci-

59 766 108 784 nium
125 766 246 791 imploratum
259 771 299 788 est:
315 766 438 785 novendiales
452 767 552 791 incoeptae
562 761 629 790 preces
638 770 658 784 et
667 766 729 784 Ludo-

59 797 93 815 vici
108 798 182 822 pectori
197 797 256 816 altera
265 804 290 817 ex
299 798 347 816 Ven.
358 798 430 816 Servae
440 797 477 816 Dei
487 797 570 822 reliquiis
580 797 662 816 admota.
678 797 729 815 Ecce

59 833 121 847 autem
136 830 197 853 primo
212 829 253 854 ipso
268 829 427 854 supplicationum
441 829 478 850 die,
493 835 515 847 ae
527 829 590 847 statim
601 832 621 847 ut
630 828 729 853 appositae

60 860 149 885 reliquiae
161 857 212 882 sunt,
228 861 312 879 infirmus
326 860 429 885 perfectam
443 860 543 879 sanitatem
555 864 585 878 est
595 863 727 884 consequutus,

98 892 129 910 De
143 892 204 910 tribus
218 892 269 911 hisce
285 892 379 911 miraculis
393 891 479 916 diligenti
499 891 620 915 inquisitione
638 891 728 911 instituta,

60 923 150 942 consectis
164 923 282 950 &posti->licis
295 923 364 941 tabulis
378 928 482 947 earumque
496 922 562 947 agnita
572 922 689 947 probataque
699 927 730 940 va-

60 954 137 975 liditate.
153 951 257 978 instaurata
271 958 300 973 est
314 954 383 973 deinde
398 954 458 975 actio;
478 954 558 978 primum
578 954 596 972 in
611 953 730 977 antipraepa-

61 986 129 1004 ratario
144 979 245 1006 conventu,
260 985 278 1003 in
295 985 375 1003 aedibus
390 985 433 1003 Rmi
448 984 554 1003 Cardinalis
573 984 668 1003 Dnminici
686 984 730 1002 Fer-

61 1020 99 1034 rata
113 1016 189 1035 Causae
203 1016 298 1035 Relatoris
313 1016 378 1035 habito
392 1020 460 1035 octavo
470 1016 511 1034 idus
522 1016 569 1034 Dec.
580 1022 609 1034 an.
622 1021 729 1036 Mucccmv;

62 1046 127 1066 iterum
141 1048 160 1066 in
174 1048 317 1072 praeparatorii)
331 1048 356 1066 ad
366 1047 498 1072 Apostolicum
508 1047 599 1071 palatium
609 1046 728 1067 Vaticanum,

62 1084 126 1098 coacto
141 1079 175 1098 cal.
190 1079 273 1104 Augusti
291 1079 347 1098 huius
365 1079 419 1100 anni:
439 1079 495 1097 tertio
513 1079 595 1103 denique
612 1078 630 1096 in
645 1077 729 1102 generali

62 1110 217 1136 Congregatione
231 1111 361 1130 decimoctavo
372 1110 406 1128 cal.
417 1110 535 1129 Decembres
547 1110 633 1128 eiusdem
645 1109 690 1127 anni
700 1115 730 1127 co-

63 1148 100 1160 ram
114 1143 174 1161 ssmo
189 1143 213 1161 D.
228 1142 252 1161 N.
268 1142 301 1160 Pio
316 1142 367 1166 Papa
377 1142 401 1160 X.
417 1141 461 1165 Quo
472 1142 490 1160 in
500 1146 555 1160 coetu
565 1141 590 1159 ab
601 1140 669 1159 eodem
679 1140 729 1158 Rmo
