915 1302
186 31 205 45 ῃ
396 27 421 41 Ex
432 27 447 41 5,
456 27 576 46 Congregaeione
585 27 647 41 aoncilii

227 81 257 99 Ex
270 81 300 99 his
314 80 387 105 colligit
401 80 451 105 quod
466 81 554 105 proprius
567 84 587 99 et
600 86 656 98 verus
670 80 759 98 defensor
773 80 855 98 fabricae

186 112 299 136 paroecialis
312 116 342 131 est
356 112 397 136 ipse
407 112 511 136 parochus:
526 116 545 130 et
559 112 602 130 huic
613 111 693 136 proinde
707 115 795 130 auctores
805 117 856 130 reco-

186 148 282 168 gnoscunt
292 150 393 168 personam
408 143 505 162 iuridicarn
515 143 577 161 standi
592 143 610 161 in
625 142 707 164 iudicio:
723 143 748 161 ita
762 142 857 161 Schmalz-

187 175 269 199 grueber
284 174 325 199 (lib.
335 180 353 195 2,
365 180 382 192 n.
393 174 420 199 4).
432 174 492 193 Bouix
507 174 638 199 (Daeparoclm,
644 176 691 198 pag.
701 173 756 198 604),
771 173 856 192 Aichner

187 205 228 231 (loc.
243 206 280 226 cit..
294 205 310 231 ᾗ
323 211 367 227 222,
382 212 400 224 n.
415 211 427 224 2
441 208 459 224 ct
471 205 523 230 225),
537 209 556 224 et
566 205 677 230 praesertim
692 205 746 230 Lega
761 205 801 230 (loc.
815 205 853 225 cit-1

186 237 221 256 vol.
237 242 253 258 t,
273 244 290 255 n.
306 236 346 262 69).
367 238 446 261 Insuper
463 237 552 255 observat
571 236 621 261 quod
643 237 679 255 hoc
698 236 775 261 parochi
794 236 823 254 ius
837 237 856 254 in

186 269 270 287 dioecesi
284 269 440 287 Santanderiensi
451 273 481 287 est
495 268 551 287 etiam
562 268 671 286 roboratum
681 268 796 286 dioecesana
806 268 855 292 lege.

227 300 381 320 Deductiones
403 305 432 319 ex
455 299 537 319 officio.
563 299 593 317 Ex
614 299 694 317 adverso
715 299 762 317 haec
783 299 856 317 adverti

187 335 272 355 possunt.
288 331 387 355 Quidquid
398 331 422 350 sit
436 331 459 349 de
469 331 543 356 origine
554 330 643 349 historica
657 330 771 354 promotoris
781 329 855 350 fiscalis,

186 362 261 381 videtur
275 368 325 381 nunc
339 362 358 380 in
373 362 450 381 dubium
466 369 504 381 non
522 368 579 386 posse
598 362 681 380 revocari
697 361 748 386 quod
762 361 804 380 eius
818 361 857 379 offi-

186 394 235 412 cium
250 393 320 417 duplex
335 393 364 414 sit,
381 400 424 411 nam
438 393 479 411 eius
494 392 570 411 solertia
590 393 694 417 explicatur
708 397 748 411 turn
765 392 783 410 in
797 392 857 411 vindi-

187 424 253 443 candis
270 428 289 442 et
303 424 387 443 tutandis
404 424 459 443 bonis
478 424 575 445 ecelesiae,
595 428 635 442 tun-i
652 423 670 442 in
685 423 801 442 insectandis
819 423 857 442 reis

186 462 291 480 eorumque
305 456 423 481 punitionem
437 456 524 481 urgendo
539 456 558 474 in
572 455 613 474 foro
628 455 762 476 ecclesiastico,
779 455 806 473 uti
821 459 858 473 tra-

186 487 214 506 dit
236 487 266 506 De
280 487 361 512 Angelis
383 487 481 512 (Praxlect.
499 493 546 507 can„
562 487 594 509 lib,
609 492 628 507 2»
642 486 672 505 tit.
688 492 704 507 1,
720 492 737 504 n.
751 486 794 511 34).
818 486 857 504 Iarn

186 525 232 537 vero
247 519 350 537 necessitas
369 519 487 537 interventus
504 518 631 542 procuratoris
649 517 718 536 fiscalis
735 517 753 535 in
769 517 858 535 omnibus

186 550 261 569 iudiciis
274 550 361 568 civilibus
379 549 513 568 ecclesiasticis
530 549 548 567 in
564 549 632 573 quibus
646 549 710 573 agitur
723 548 747 567 de
764 549 857 567 interesse

186 581 286 605 temporali
300 580 392 599 ecclesiae
410 587 442 599 seu
458 580 482 599 de
496 580 660 598 administratione
677 580 771 599 bonorum
790 580 856 604 ipsius,

186 612 261 630 videtur
275 618 332 636 posse
342 612 407 630 confici
422 618 447 630 ex
461 611 503 636 ipso
513 615 607 635 conceptu
622 615 641 629 et
655 617 714 635 scopo
729 611 858 635 procuratoris

187 643 261 664 fiscalis,
277 649 320 662 cum
334 643 375 667 ipse
390 643 413 661 sit
428 647 483 661 natus
498 643 587 661 defensor
601 642 694 661 bonorum
709 642 806 663 ecclesiae,
817 646 838 660 et
847 648 858 660 a

186 674 230 699 lege
244 675 269 693 sit
283 675 396 693 constitutus
418 675 502 698 ipsorum
517 674 563 698 vigil
583 674 600 692 in
620 678 660 692 tota
681 674 769 692 dioecesi.
792 673 857 696 Quare

186 712 228 724 curn
244 706 284 730 ipse
299 706 382 730 speciale
392 706 462 724 habeat
476 706 568 724 interesse
583 705 600 723 in
611 705 719 723 huiusrnodi
729 705 796 726 causis.
810 711 858 723 sem-

186 744 220 761 per
234 737 322 755 citandus
336 741 356 755 et
369 737 476 755 audiendus
490 741 519 755 est
533 737 568 755 sub
583 743 646 761 poena
665 736 761 757 nullitatis,
777 736 818 754 sive
833 736 858 754 iu-

186 769 256 787 dicium
274 768 373 787 evolvatur
390 768 425 787 ritu
445 767 524 786 solemni
542 768 582 786 sive
596 768 632 786 ritu
646 767 755 788 summario.
776 773 819 785 cum
833 767 857 785 de

187 800 267 819 naturali
275 800 395 819 solemnitate
403 800 432 820 sit,
440 804 460 817 ut
467 805 543 823 semper
550 799 651 817 audiantur
659 799 750 817 interesse
758 798 857 821 habentes.

228 832 280 850 Haec
294 837 339 850 vero
354 831 440 850 doctrina
454 836 488 849 seu
503 830 599 849 conclusio
613 830 688 848 videtur
702 836 759 855 posse
773 830 858 848 roborari

187 863 299 881 auctoritate
318 862 374 880 Card.
391 862 421 880 De
436 862 487 880 Luca
502 861 555 886 (disc.
568 867 589 886 3,
609 862 630 880 de
644 861 728 882 iudiciis,
743 868 761 880 n.
774 861 811 887 59)
826 861 857 885 qui

187 894 234 912 haec
249 894 273 912 ad
287 900 327 912 rem
337 893 407 911 tradit:
426 900 435 910 ‹
446 893 497 916 Quin
512 893 551 911 imo
561 893 619 911 etiarn
633 893 652 911 in
662 892 764 917 Episcopis
779 893 858 917 aliisque

186 925 306 943 inferioribus
320 924 376 943 datur
390 924 437 942 haec
452 924 547 945 discretio.
563 924 581 942 in
597 924 665 948 quibus
675 924 756 948 ipsamet
770 924 856 944 ecclesia.

186 956 216 974 vel
231 962 297 974 mensa
311 956 335 974 sit
349 962 393 980 pars
408 955 522 974 interessata
536 955 626 979 quoniam
641 961 758 974 oeconomus
772 955 801 973 vel
816 961 858 979 pro-

188 991 249 1005 motor
270 986 343 1008 fiscalis,
359 991 423 1011 partes
444 987 514 1005 actoris
532 986 563 1005 vel
581 986 607 1005 rei
625 992 693 1011 gerere
708 986 781 1005 dicitur.
801 985 857 1004 Unde

187 1022 288 1042 propterea
303 1022 400 1042 receptum
410 1018 491 1036 habetur
505 1018 523 1036 in
539 1018 618 1036 materia
627 1017 785 1041 iurispatronasus
798 1017 829 1035 vel
839 1017 857 1035 in

187 1049 279 1067 similibus
293 1049 355 1067 causis
369 1049 426 1067 etiam
441 1048 501 1067 solum
523 1048 708 1069 iurisdicfionalibus.
724 1048 753 1066 vel
768 1048 857 1072 praeemi-

188 1080 306 1102 nentialibus,
322 1080 373 1104 quod
388 1080 494 1098 sententiae
508 1079 582 1104 aliaque
597 1084 639 1098 acta
654 1079 753 1104 ipsiusmet
767 1079 857 1104 Episcopi

187 1111 217 1130 vel
238 1111 318 1130 Praelati
333 1115 427 1132 corruunt,
448 1117 486 1129 non
505 1112 562 1130 citato
581 1117 643 1136 neque
664 1111 729 1129 audito
748 1115 857 1135 promotore
