915 1302
366 28 449 43 Mnnn'salti
717 29 736 47 89

68 82 142 101 tiarium
156 88 192 107 pro
205 82 266 101 fructu
280 86 359 107 peccata
373 82 457 101 confiteri
467 82 571 101 volentium
581 82 670 101 assistere
680 82 736 101 certis

69 113 119 132 horis
133 114 246 138 opportunis
260 113 279 132 in
293 113 336 132 loco
350 117 369 132 et
383 114 429 132 sede
443 120 479 138 pro
492 114 588 138 Episcopi,
599 114 624 132 ad
633 119 690 138 quem
700 113 736 132 hoc

69 149 146 169 spectat.
162 145 253 163 arbitratu
262 152 282 163 ι.

106 176 137 194 Ex
147 182 205 201 supra
213 176 278 195 relatis
286 176 414 195 decisionibus
423 176 498 195 videtur
512 175 599 194 concludi
612 182 674 200 posse,
685 175 736 200 quod

68 207 226 226 Paenitentiarius
240 207 334 226 nonnullis
348 207 415 225 diebus
428 207 458 226 vel
473 207 524 227 horis
538 207 562 226 ab
577 207 674 231 Episcopo
688 206 737 225 desi-

67 238 136 264 gnatis,
151 242 171 257 et
185 238 203 257 in
218 238 286 263 quibus
300 238 420 263 poenitentes
429 244 464 263 pro
478 242 597 257 sacramento
607 237 737 263 poenitentiae

67 270 90 288 ad
107 269 208 288 ecelesiam
222 269 350 288 cathedralem
363 269 455 288 accedere
470 269 537 291 solent.
547 270 617 288 sedens
631 270 650 288 in
664 269 736 288 confes-

67 301 140 323 sionali,
155 300 200 320 licet
208 305 251 320 actu
266 301 396 320 consessiones
410 307 448 320 non
462 301 527 320 audiat
543 302 577 320 sed
592 305 666 320 tantum
680 307 737 326 expe

67 336 105 351 etet
119 332 185 351 fideles
204 339 324 354 accessuros,
339 333 412 352 censeri
433 332 503 351 debeat
517 336 618 357 exemptus
632 338 643 351 a
657 332 736 351 servitio

66 363 119 382 chori
128 367 148 382 et
157 363 227 382 almis.
243 363 297 382 Hanc
308 364 421 382 sententiam
431 364 516 388 sequitur
530 364 548 382 S.
560 364 649 389 Ligorius
660 364 734 387 (Theol.

38 397 41 400 ’
66 401 113 414 nor.
127 394 160 413 lib.
175 400 195 419 4.
209 401 227 413 n.
243 396 293 419 151).
307 399 327 414 et
341 395 398 414 Cau-d.
413 394 529 414 d’Annibale
543 395 638 420 (Suum,
648 397 701 419 part.
715 400 736 419 j,

67 432 84 444 n.
95 431 136 451 492
145 426 167 444 in
181 426 247 450 nota),·
260 432 318 450 quam
332 426 445 445 sententiam
455 426 548 445 veriorem
558 432 600 444 esse
610 426 676 444 dicunt
685 426 736 444 citati

66 461 156 475 auctores
169 457 254 481 pluribus
268 457 361 476 adductis.

108 488 192 507 Demum
206 488 291 513 expendi
309 492 372 513 potest
388 488 440 513 quod
459 488 562 507 canonicus
580 488 738 513 poenitentiarius

66 525 144 544 semper
158 519 183 538 ad
196 519 283 538 ordinem
304 519 453 544 presbyteralem
468 520 541 538 ratione
555 519 583 538 sui
598 520 682 538 muneris
696 525 738 544 spe-

66 554 111 571 emt.
127 550 168 569 sive
182 550 268 569 ordinum
283 550 351 569 divisio
365 551 384 569 in
398 550 482 575 capitulo
496 551 588 569 habeatur
601 551 641 569 sive
656 557 699 572 non,
710 551 737 569 uti

66 582 181 601 observatur
194 582 213 600 in
228 582 285 600 citata
294 582 314 600 A
318 582 389 600 thanen.
401 582 510 600 Canonieus
520 582 677 607 poenitentiarius
686 582 738 601 enim

66 613 91 632 ob
107 619 163 632 suurn
178 613 260 631 officium
274 617 304 632 est
318 613 372 639 quasi
386 613 481 638 parochus
495 613 553 632 totius
566 613 670 634 dioecesis,
685 617 705 632 et
718 613 738 631 in

67 644 90 663 iis
104 650 156 669 quae
170 648 258 669 spectant
272 644 295 663 ad
310 645 371 663 sorum
385 645 480 663 internum
495 645 610 666 censendus>
620 649 650 663 est
669 644 695 663 uti
710 650 739 663 or-

65 676 154 694 dinarius
168 682 202 694 ceu
218 675 325 694 edisserunt
339 676 442 701 Fagnanus
459 677 490 700 (in
503 678 541 700 cap.
556 676 631 697 Grave,
646 682 664 694 n.
680 681 703 694 ιο
717 675 739 694 de

62 707 140 732 praeb.)
151 711 172 725 et
181 707 296 726 Benedictus
308 707 355 726 XlV
369 707 408 730 (De
416 714 455 732 syn.
464 707 564 728 dioec-dih
572 713 593 732 ἰ,
603 710 642 732 cap.
653 713 672 732 4.
682 714 700 726 n,
707 707 737 732 5).

67 738 87 757 Si
103 738 168 763 itaque
182 738 223 763 ipse
236 738 319 763 pertinet
335 738 359 757 ad
377 738 464 757 ordinem
480 738 635 763 presbyteralem,
650 739 739 758 ordinum

67 769 163 788 divisione
176 773 260 791 extante,
275 769 316 788 sive
330 773 373 788 actu
387 769 518 788 consessiones
532 769 596 788 audiat
610 770 650 788 sive
664 776 708 791 non.
720 770 739 788 in

68 801 132 819 missis
153 801 234 819 cantatis
254 801 297 825 cogi
319 807 357 819 non
376 804 439 825 potest
453 801 477 819 ad
495 807 563 819 munus
583 801 694 820 subdiaconi
708 801 738 819 vel

67 831 144 850 diaconi
154 831 275 856 explendum.
286 831 358 850 Verum
368 832 419 850 dieta
428 831 521 850 divisione
533 838 571 850 non
585 836 664 851 extante
673 832 738 857 quaeri

68 866 139 887 potest,
155 866 216 881 utrum
231 863 301 881 dictum
317 869 385 881 munus
399 862 474 881 diaconi
484 863 514 881 vel
524 863 635 882 subdiaconi
649 869 739 882 exercere

67 894 140 913 debeat
153 894 221 912 diebus
234 894 386 915 solemnioribus.
402 894 417 912 si
432 894 450 912 in
467 894 616 913 eonfessionario
634 898 677 912 actu
693 900 740 912 con-

68 924 162 943 fessiones
176 931 214 944 non
235 925 319 949 recipiat.
341 925 362 943 ln
376 925 434 944 citata
449 925 545 943 Athama.
561 925 673 949 rescriptum
694 925 737 943 fuit:

68 956 197 981 Affirmative.
213 956 240 975 At
247 956 266 975 in
276 956 338 975 dietae
349 962 417 975 causae
432 956 476 975 solio
486 956 591 975 advertitur
608 963 618 974 ‹
627 956 739 975 canonicum

69 987 242 1012 poenitentiarium,
257 987 361 1006 dummodo
375 987 424 1006 inter
438 992 546 1012 postremos
559 987 662 1006 canonicus
676 993 740 1006 recen-

69 1023 147 1040 seretur,
163 1018 265 1037 celebranti
280 1025 356 1043 semper
370 1019 389 1037 in
404 1018 549 1037 solemnioribus
562 1018 696 1038 festivitatibus
708 1018 740 1036 mi—

70 1050 168 1071 nistrasse,
183 1050 227 1074 quin
242 1056 332 1074 umquam
346 1050 416 1068 factum
425 1050 486 1071 suerit,
499 1054 520 1068 ut
533 1050 558 1069 ob
570 1050 687 1075 explendum
701 1056 740 1068 mu-

70 1087 106 1099 nus
118 1081 195 1099 diaconi
213 1080 244 1099 vel
258 1081 369 1099 subdiaconi
386 1080 473 1099 fidelibus
491 1081 516 1100 ad
531 1087 545 1100 s.
561 1081 690 1106 poenitentiae
707 1080 740 1099 tri-

65 1112 127 1131 'bunal
141 1111 277 1131 accedentibus
290 1111 397 1131 desuerit».
413 1112 462 1131 Hinc
476 1113 575 1137 proposita
588 1112 675 1137 quaestio
688 1112 741 1130 theo-
