915 1302
262 67 288 81 Ex
298 67 313 81 s.
326 67 342 81 c.
353 67 372 82 α,
383 67 484 87 Prapaganda
494 67 530 81 Fine
713 71 731 85 97

103 120 178 144 Quibus
191 120 215 139 ad
231 120 249 139 S.
265 120 442 146 Congregationem
456 121 480 139 de
498 120 625 146 Propaganda
639 120 687 139 Fide
701 120 732 139 de-

65 150 113 172 latis,
128 151 181 170 Emis
195 152 281 170 Patribus
295 152 314 171 in
330 151 452 177 generalibus
466 151 548 171 comitiis
562 149 632 170 habitis
650 151 735 176 primum>

63 182 94 201 die
108 184 120 201 6
135 183 181 201 Maii
197 183 242 201 anni
262 189 317 206 ¹901·
338 187 406 207 postea
426 183 457 201 die
475 188 496 207 15
518 182 558 201 Iulii
577 181 663 201 eiusdem
680 183 731 204 anni,

63 214 123 233 visum
137 218 167 233 est
181 214 313 238 quaestionem
328 221 366 233 non
380 214 444 233 statim
462 214 593 235 dirimendam,
614 213 648 232 sed
664 214 733 232 rescri-

63 245 145 264 bendum
159 245 222 270 potius
236 245 325 270 praefatis
340 246 469 267 missionariis,
488 252 497 263 ε
506 245 525 263 ἰη
534 245 585 264 votis
595 251 637 263 esse
652 245 670 263 S,
682 245 733 263 Con-

63 276 186 301 gregationis,
205 280 225 295 ut
239 277 326 301 quaestio
339 277 364 295 de
383 277 434 300 bono
452 281 473 295 et
491 282 553 301 aequo
572 276 621 295 inter
634 282 668 295 eos
682 282 733 295 eom—

63 311 170 331 poneretur,
190 311 210 326 et
228 307 277 327 faeta
293 308 407 333 compositio
425 308 507 326 Sanctae
525 307 580 326 Sedis
598 307 732 332 approbationi

63 338 187 358 subiiceretur
196 346 214 357 ι.

101 369 174 388 Verum
188 376 231 389 cum
245 370 292 389 haec
307 370 398 389 Emorum
413 371 489 389 Pati-um
503 374 548 389 vota
565 370 583 388 in
602 370 674 388 irritum
694 376 733 388 ces-

61 400 135 422 sissent.
151 400 228 425 fierique
243 407 280 420 non
295 402 394 426 potuisset,
409 406 429 420 ut
443 401 535 426 praedicti
545 401 615 419 Vicarii
625 400 732 425 Apostoliei

61 431 80 449 in
93 438 152 450 unam
167 432 256 451 cederent
270 433 389 454 sententiam.
410 432 453 451 huic
472 432 490 451 S,
506 432 658 457 Congregationi
675 432 732 451 finem

62 463 169 487 quaestioni
183 464 282 488 imponere
296 463 372 488 placuit.
399 473 402 476 ·

100 494 167 518 Quare
181 495 199 513 in
218 495 303 520 generali
318 499 412 514 conventu
426 495 457 514 die
480 501 501 513 12
521 494 584 513 Martii
602 496 657 517 1906,
678 495 733 513 ratio-
752 499 754 502 “

62 526 116 544 nibus
131 525 175 544 hine
189 530 209 544 et
223 526 267 544 inde
281 526 347 548 allatis,
363 532 385 545 ac
404 532 466 545 rerum
484 526 578 545 adiunctis
599 525 673 544 mature
691 532 732 550 per·

62 557 132 580 pensis,
148 557 215 576 eadem
227 557 247 577 S.
262 557 399 582 Congregatio,
415 557 499 582 periculo
518 557 629 581 praesertim
646 561 732 581 permota

63 594 85 606 ne
95 588 145 607 sorte
154 588 239 607 discessu
247 589 323 607 Patrum
334 588 470 613 Capulatorurn
480 595 491 607 a
501 589 577 607 civitate
587 588 731 609 Addis-Ab'eba,

62 619 156 638 catholica
170 619 237 644 religio
252 619 274 638 iis
289 620 307 638 in
321 619 432 644 regionibus
446 619 516 644 aliquid
530 619 638 638 detrimenti
649 623 731 643 caperet.

61 650 147 669 decrevit
160 650 207 669 fines
217 651 318 677 ‘utriusque
332 651 440 670 Vieariatus
454 651 480 669 sic
494 657 537 669 esse
551 650 654 675 regundos,
665 654 693 675 utv
702 656 732 669 ea-

62 681 104 700 dem
119 682 166 700 urbs
180 682 283 700 Vicariatui
298 682 409 706 Apostolico
424 688 458 706 pro
473 681 548 706 populis
562 681 623 703 Galla,
632 676 678 706 ipsis
687 682 732 701 Fra-

62 713 121 731 tribus
135 713 234 737 Capulatis
248 712 364 734 concredito,
379 713 499 732 tribueretur.

101 744 168 768 Itaque
182 744 237 764 huius
247 744 409 769 Congregationis
419 744 518 766 sententia,
530 743 637 762 Vicariatus
650 738 733 768 Aposto-

62 775 107 794 licus
121 776 239 800 Abyssiniae
253 776 277 794 ad
291 782 387 797 oceasum,
402 775 510 801 aquilonem
525 780 545 794 et
562 776 654 795 orientem
671 776 694 794 iis
713 775 733 794 li-

63 806 139 825 mitibus
153 807 265 828 continetur,
281 807 312 831 qui
326 813 369 825 eurn
384 811 475 831 separant
488 813 500 825 a
513 806 609 825 Vicat-iatu
620 806 732 831 Apostolico

62 838 139 857 Africae
153 838 248 857 Centralis
262 838 352 863 (decretis
366 839 408 865 latis
422 838 454 857 die
472 844 492 862 15
504 839 584 857 Ianuarii
594 842 614 857 et
623 838 654 857 die
667 845 688 862 13
699 838 733 857 Se—

63 870 155 893 ptembris
168 870 213 888 anni
231 870 289 894 1894)
303 874 323 888 et
337 876 348 888 a
363 870 482 889 Praefectura
492 870 604 895 Apostoliea
615 869 732 894 Erythraeae

63 900 149 924 <decreto
163 900 200 919 diei
219 907 240 924 ¹3
256 901 373 926 Septembris
387 901 431 920 anni
449 901 508 925 1894)
523 907 582 925 usque
597 900 621 919 ad
632 907 731 919 occursum

63 931 145 951 fluminis
152 932 243 953 Awache,
251 932 302 956 quod
310 932 380 951 deinde
390 932 492 951 orientales
499 932 546 951 fines
554 932 660 950 Vicariatus
670 932 732 956 Abys-

63 963 122 982 siniae
136 963 233 982 constituit
248 969 307 987 usque
321 963 346 982 ad
360 963 422 982 locum
435 963 454 982 in
465 969 503 988 quo
512 963 531 982 in
541 962 586 982 illud
596 963 656 981 influit
666 963 733 982 fluvius

64 994 150 1013 Kassam.
166 994 254 1012 Tandem
268 994 292 1012 ad
311 994 409 1013 meridiem
423 995 473 1013 idem
492 994 599 1013 Vicariatus
618 994 733 1013 circumscri-

64 1025 112 1043 bitur
127 1031 138 1044 a
152 1024 203 1043 linea
218 1029 280 1046 recta,
295 1031 344 1049 quae
359 1025 465 1050 procedens
479 1032 491 1044 a
508 1025 615 1044 confluente
634 1025 731 1044 fluminum

64 1056 148 1075 Awache
161 1060 181 1075 et
195 1056 278 1075 Kassam
292 1057 355 1081 pergit
369 1056 394 1075 ad
411 1057 538 1075 confluentem
555 1056 616 1075 amnis
630 1056 732 1075 Sodoballe

64 1091 83 1105 et
96 1087 177 1106 fluminis
196 1087 297 1113 Mougher.
312 1094 324 1106 a
338 1094 394 1107 cursu
415 1088 471 1106 huius
484 1088 567 1106 fluminis
585 1093 645 1112 usque
659 1087 683 1106 ad
702 1093 733 1106 oc-

64 1124 139 1137 cursum
154 1119 218 1137 finium
233 1118 385 1138 occidentalium.

104 1149 167 1173 Quam
182 1150 273 1168 Emorum
288 1150 363 1168 Patrum
377 1150 491 1169 sententiam
506 1150 576 1170 Ssffius
591 1149 685 1168 Dominus
694 1149 733 1168 No-

116 1188 146 1199 Aen
153 1188 166 1199 s.
171 1188 210 1202 satu,
217 1188 240 1199 mc.
247 1188 271 1202 XL,
275 1188 310 1202 sm.
317 1189 330 1199 r.
521 1201 523 1203 ¹
672 1189 679 1199 7
