915 1302
337 44 449 58 Santanderim
707 48 724 62 μ

60 98 126 116 iudicio
140 98 164 116 de
179 104 218 122 quo
232 98 300 123 agitur,
316 98 352 116 sub
367 104 428 122 poena
443 98 533 117 nullitatis
547 98 651 117 advocatus
665 98 727 117 exclu-

59 129 139 147 dendam
154 133 212 153 putat.
228 133 268 148 tum
282 129 327 153 quia
341 135 365 148 ea
380 135 441 154 neque
456 130 475 148 in
494 130 582 148 omnibus
598 129 727 148 criminalibus

59 160 118 178 causis
132 160 243 181 admittitur,
259 160 285 179 uti
300 161 386 185 superius
401 165 486 179 notatum
501 165 535 182 est,
550 165 590 179 tum
605 161 649 185 quia
665 167 688 179 ea
702 161 726 180 ad

59 198 151 209 summum
165 196 195 210 &t
208 195 305 210 coarctata
318 195 392 210 tantum
407 191 431 210 ad
449 191 518 210 iudicia
537 192 625 216 poenalia
639 192 728 211 ecclesia-

58 223 115 244 stiea:
132 229 194 247 neque
203 223 250 241 haee
265 223 390 247 praescriptio
399 223 476 242 extendi
487 227 550 247 potest
563 223 587 242 ad
597 223 727 250 ecclesiastiea

58 254 125 272 iudicia
139 254 206 275 civilia,
222 254 266 278 quia
284 253 420 278 dispositiones
434 254 453 272 in
472 254 551 273 materia
570 254 646 279 poenali
662 255 726 273 stricte

59 289 99 304 sunt
117 285 278 310 interpretandae.
297 285 324 303 At
338 291 376 303 non
395 289 468 304 tantum
487 292 511 304 ex
529 286 625 304 communi
642 286 682 304 iure
696 286 727 304 hic

59 317 173 341 promotoris
187 316 256 335 fiscalis
274 316 393 335 interventus
412 323 449 335 non
468 317 551 341 exigitur
569 317 603 335 sed
623 323 683 341 neque
703 324 727 335 ex

59 348 95 366 iure
109 347 219 372 particulari
234 348 253 366 in
263 347 356 372 Hispania
365 347 449 372 vigente.
465 348 507 366 Hoc
517 348 598 372 probant
608 352 647 366 tum
657 348 728 367 facturn

59 379 118 403 ipsum
134 379 197 397 curiae
214 378 386 400 Santanderiensis,
403 385 452 403 quae
467 380 590 398 summarium
604 379 695 398 iudicium
709 380 728 398 in

58 416 100 428 casu
116 410 225 435 complevit,
241 414 315 428 tantum
330 410 409 429 servatis
419 410 448 428 his
458 416 507 435 quae
517 410 570 429 iuxta
579 411 630 430 citat.
641 410 728 429 Clemen-

58 441 114 460 tinam
130 442 189 466 Saepe
202 442 295 466 contingit
307 442 433 466 requiruntur,
452 446 491 460 tum
508 441 557 460 duae
576 442 683 460 decisiones
697 442 728 460 tri-

58 472 131 491 bunalis
146 473 250 497 Burgensis
264 476 283 491 et
297 473 352 497 primi
367 473 416 491 turni
426 473 488 491 Rotae
503 473 620 491 Matritensis
629 473 727 492 confirma-

58 504 115 522 toriae
130 504 193 522 editae
208 504 314 522 sententiae
328 510 339 522 a
354 504 405 522 curia
419 504 580 522 Santanderiensi.

94 536 115 553 ln
131 535 188 554 tertio
198 535 275 554 tandem
290 535 359 559 capite,
369 536 401 560 qui
411 540 476 560 partes
486 536 549 554 curiae
560 535 727 554 Santanderiensis

57 567 109 591 gerit.
126 566 261 585 necessitatem
276 567 393 585 interventus
408 567 522 591 promotoris
539 566 607 586 fiscalis
627 567 728 591 impugnat

58 604 79 616 ex
94 598 137 623 ipsa
152 602 219 616 natura
233 597 289 616 officii
304 598 422 622 parochialis.
438 598 491 616 cuius
509 602 539 616 est
553 598 601 617 tueri
616 602 635 616 et
649 598 727 616 admini-

58 633 115 647 strare
131 629 182 647 bona
197 628 309 653 temporalia
324 629 383 653 ipsius
398 629 480 647 fabricae
495 628 592 647 ecelesiae.
609 629 634 647 Ut
649 629 666 647 id
677 630 727 647 evin-

58 665 90 682 cat,
105 660 173 679 recolit
187 660 281 685 originem
296 660 405 679 historicam
415 660 526 679 fabriceriae
540 660 658 685 parochialis.
673 661 727 679 Anti-

58 692 119 716 quitus
134 692 185 710 bona
199 691 291 710 ecclesiae
305 691 486 710 administrabantur
499 692 523 710 ab
538 692 635 716 Episcopo
645 698 679 716 per
691 692 727 711 cle-

58 723 104 742 ricos
119 729 238 742 oeconomos
254 727 274 741 et
288 723 399 747 praesertim
417 723 514 744 diaconos,
530 723 606 747 penitus
624 722 677 741 laicis
696 730 728 741 ex-

58 754 116 773 clusis.
140 754 204 772 Serius
223 754 271 772 faeta
289 754 382 772 divisione
400 754 463 772 favore
482 758 576 772 rectorum
597 753 725 775 ecclesiarum.

59 791 100 809 pars
121 785 216 804 dictorum
231 785 323 803 bonorum
338 779 432 803 destinata
453 785 487 803 suit
505 791 540 809 pro
559 786 689 804 conservanda
708 789 727 804 et

58 816 164 841 reparanda
178 816 248 835 fabrica
266 816 364 837 ecclesiae,
379 820 399 834 et
413 816 459 834 haec
474 816 498 834 ab
513 816 559 840 ipsis
576 816 681 835 rectoribus
695 817 727 835 ad-

59 848 204 870 ministrabatur,
219 847 251 872 qui
269 851 332 866 tamen
347 847 366 865 in
381 847 479 865 consilium
498 851 602 871 coeperunt
621 847 727 866 adsciscere

59 878 120 900 laicos,
136 883 156 897 et
169 879 196 897 sic
211 883 273 897 ortum
288 879 353 897 habuit
368 878 467 896 consilium
477 878 565 899 fabricae.
581 884 614 897 seu
629 879 727 897 fabriceria

59 909 154 931 eeclesiae,
169 914 189 928 et
203 909 239 928 hoc
249 909 351 934 praecipue
365 909 428 928 locum
443 909 509 928 habuit
518 909 582 933 quoad
597 910 647 928 bona
662 915 728 933 paroe-

59 940 116 959 cialia.
139 941 175 959 Cfr.
197 940 329 959 Sebastianelli
350 940 388 965 (Dt
402 941 496 964 parsom's,
516 941 546 959 lib.
563 946 580 961 1,
595 947 613 960 n.
626 940 682 965 589).
702 940 726 959 Hi

59 977 101 990 vero
110 971 154 990 laici
163 976 218 990 erant
227 976 301 990 tantum
311 972 408 990 adiutores
422 976 442 990 et
455 972 557 990 consiliarii
567 972 693 996 parochorum
708 972 726 990 in

60 1002 163 1022 huiusmodi
174 1003 342 1023 administratione.
354 1003 393 1022 Cfr.
403 1003 536 1022 Sebastianelli
546 1003 586 1028 (loc.
594 1003 640 1028 sih),
652 1003 727 1027 Gignac

61 1032 129 1058 (Comp.
149 1035 188 1053 iur.
203 1040 250 1055 tan„
269 1034 302 1052 vol.
321 1039 337 1055 ι,
353 1041 370 1052 n.
390 1034 440 1059 7²1)›
456 1034 554 1059 Bargilliat
569 1034 666 1059 (Praslect.
687 1034 726 1053 iun

60 1070 104 1085 can„
119 1071 137 1083 n.
152 1065 217 1090 1559),
233 1065 317 1083 Aichner
331 1065 403 1090 (camp.
419 1065 457 1083 iur.
473 1065 520 1086 cccl„
534 1064 550 1091 ἕ
563 1065 610 1090 ²25)
624 1065 656 1089 qui
670 1069 727 1083 testa-

61 1099 88 1114 tur
101 1096 150 1115 hanc
164 1096 284 1121 disciplinam
303 1096 399 1115 inductam
418 1096 474 1115 fuisse
488 1097 546 1115 etiam
562 1096 580 1115 in
595 1096 674 1120 imperio
688 1096 727 1114 Au-

61 1126 127 1145 sti-iaco
141 1133 165 1146 ex
179 1132 215 1146 art.
230 1133 256 1151 30
270 1127 392 1146 Concordati.
