915 1302
164 48 182 62 ιε
334 49 361 63 Ex
371 49 386 63 s.
396 49 412 63 a
421 49 528 67 Episcoporum
539 52 553 63 e!
563 49 661 68 Regulum„-

164 101 236 119 niasum
251 107 285 119 rex
299 101 333 119 suh
348 101 396 126 regii
406 105 517 125 patronatus
528 102 657 120 reservatione
667 109 727 127 prope
737 102 839 121 Matritum

163 132 252 153 extruxit.
263 132 282 150 in
292 132 421 151 iurisdictione
435 132 510 151 nullius
524 132 620 151 declarata
633 133 672 154 fuit.
688 137 744 157 atque
759 140 839 152 concre-

164 162 204 181 dita
218 163 286 181 Ordini
300 167 391 187 exempto
405 163 423 181 S.
439 163 557 188 Hieronymi.
577 164 648 182 Verum
662 170 693 183 an.
712 165 770 188 1834.
786 165 838 183 Reli-

163 194 225 220 giosis
239 194 347 219 suppressis
361 201 383 213 ac
397 195 482 219 expulsis
499 195 524 213 ob
539 201 600 213 rerum
618 195 736 220 publicarum
754 196 839 214 eversio-

164 232 213 247 nem,
234 226 319 250 praefata
335 226 417 245 ecclesia
435 226 453 244 in
472 226 555 245 nativam
570 226 667 245 Ordinarii
686 227 838 246 iurisdictionem

164 257 237 278 recidit,
247 258 354 281 eodemque
364 258 382 276 in
393 261 442 276 statu
453 258 557 282 permansit
565 258 584 276 vi
594 258 706 282 praesertim
718 258 837 277 Concordati

164 295 195 308 an.
208 290 255 312 ¹851
268 289 317 307 inter
326 289 345 307 S.
357 289 427 307 Sedem
437 293 456 307 et
465 289 578 313 Hispaniam
588 289 634 308 initi.
646 288 734 313 Denique
743 296 774 308 an.
785 290 836 313 1885

164 326 198 344 per
208 321 282 345 regium
292 324 411 339 contractum
421 320 445 338 ad
455 320 526 338 dictam
537 320 637 338 Basilicam
654 320 759 345 regendam
772 320 837 339 vocati

164 351 239 370 suerunt
253 351 360 376 Regulares
374 351 393 371 S.
408 351 518 376 Augustini,
533 351 602 375 quibus
616 352 709 376 rescripto
722 351 741 370 S.
757 352 779 371 C.
795 351 838 370 EE.

164 386 184 400 et
198 382 239 401 RR.
253 388 346 401 concessa
359 382 393 401 fuit
407 383 466 407 petita
480 383 552 401 erectio
566 382 712 406 praeexistentis
726 383 838 401 monasterii

165 414 183 432 in
201 413 302 438 collegium
318 420 353 438 pro
367 414 438 432 exteris
453 414 576 433 missionibus
593 421 602 431 ‹
612 420 655 432 cum
669 414 758 432 omnibus
772 417 792 432 et
801 413 839 432 sin-

164 444 214 469 gulis
224 445 334 470 privilegiis,
352 445 506 469 exemptionibus
515 449 535 463 et
544 445 616 463 iuribus
626 444 694 463 Ordini
704 444 723 463 S.
732 444 838 469 Augustini

164 482 176 494 a
185 476 315 494 sanctionibus
324 476 421 495 canonicis
428 480 448 494 et
457 482 469 494 a
478 476 528 494 Sede
536 476 647 501 Apostolica
656 476 838 500 quomodocumque

165 507 261 526 concessis
275 514 293 525 ».
309 507 417 532 Episcopus
434 511 508 528 autem.
524 508 636 531 rescriptum
656 507 773 526 Pontificium
793 513 839 525 exe-

164 545 231 562 quens,
247 538 434 563 Augustinianenses
444 539 462 557 in
473 539 589 557 monasterio
598 545 620 557 ac
630 538 648 557 in
659 538 739 557 ecclesia
748 542 838 557 extantes

165 570 192 588 uti
201 575 302 594 exemptos
315 570 414 588 habendos
427 576 470 588 esse
484 569 593 588 declaravit.

204 601 244 619 Res
258 601 336 625 pacifice
351 607 372 619 se
386 601 451 619 habuit
461 607 521 625 usque
531 601 555 619 ad
565 607 595 620 an.
609 607 665 624 ¹904»
675 607 714 625 quo
724 601 838 620 Ordinarius

165 632 282 650 Matritensis
296 632 448 657 Augustinianos
466 632 565 651 admonuit
578 632 603 650 de
622 632 711 657 pastorali
729 632 839 651 visitatione

164 664 183 682 in
198 663 269 688 templo
283 664 386 682 Escurialis
400 664 516 688 peragenda,
531 664 571 685 sed,
582 670 624 682 cum
635 663 741 688 Regulares
751 663 838 682 eiusdem

164 695 307 719 exemptionem
321 695 461 719 opposuissem,
473 695 497 713 ab
507 701 530 713 ea
539 701 582 713 sese
592 695 688 716 abstinuit,
699 695 838 719 protestatione

164 729 229 744 tamen
243 726 314 750 proprii
329 726 374 744 iuris
388 726 464 745 emissa<
480 726 603 750 Quapropter
617 726 803 750 Augustinianenses
812 726 838 744 ad

165 757 184 775 S.
195 757 217 776 C.
228 757 267 775 EE.
279 761 299 775 et
308 757 349 775 RR.
360 763 456 776 recursum
467 757 581 784 obtulerunt=
593 757 693 775 Basilicam
704 757 722 775 S.
733 756 837 778 Laurentii,

165 792 274 812 exemptam
295 788 319 807 ab
337 788 434 807 Ordinarii
453 788 582 807 iurisdictione
601 788 693 806 declarari
717 792 836 813 expetentes.

206 820 293 840 Contra
307 820 481 844 exemptionem.
501 819 591 844 Episcopi
611 819 716 838 advocatus
734 819 839 843 praemittit

165 850 265 869 Basilicam
280 851 382 870 Escurialis
396 851 506 869 destitutam
520 850 577 869 fuisse
591 850 668 875 propria
680 851 802 875 exemptione
812 854 839 869 at-

165 888 202 906 que
217 882 235 901 in
250 882 347 901 Ordinarii
362 882 472 903 dioecesani
486 882 635 901 iurisdictionem
649 882 764 903 reincidisse,
780 888 838 906 quum

165 919 195 933 an,
214 914 264 937 ¹834
278 914 352 938 expulsi
367 918 411 932 sunt
425 914 518 939 Religiosi
533 914 551 932 S.
568 914 685 937 Hieronymi.
701 918 721 932 et
734 920 792 938 quum
807 913 838 931 de-

165 945 210 963 inde
225 951 259 969 per
273 945 415 963 Concordatum
430 951 468 969 an„
479 946 525 968 1851
542 945 625 964 abolitae
639 945 691 963 fuere
706 951 773 963 omnes
786 944 839 963 iuris-

165 976 259 995 dictiones
273 980 375 1000 exemptae
384 980 403 994 et
413 976 549 1001 privilegiatae*
565 976 650 994 lamvero
660 976 679 994 in
689 976 781 1000 rescripto
792 976 838 994 Pon-

166 1007 229 1029 tificio,
244 1014 283 1032 quo
297 1014 308 1026 a
322 1007 341 1026 S.
357 1007 407 1026 Sede
422 1007 568 1032 Augustinianis
582 1013 674 1026 concessa
688 1007 721 1025 suit
731 1007 790 1031 petita
799 1013 839 1025 ere-

166 1039 204 1057 ctio
218 1038 294 1063 eollegii
309 1039 328 1057 in
343 1039 459 1057 monasterio
473 1039 511 1057 iam
530 1038 681 1063 praeexistente.
698 1038 748 1057 nulla
767 1038 839 1057 mentio

167 1070 248 1089 occurrit
263 1069 355 1089 Basilieae
370 1069 478 1091 Escurialis,
493 1076 542 1094 quae
557 1070 637 1094 proinde
647 1069 673 1088 uti
684 1069 786 1088 saecularis
799 1075 839 1094 per-

167 1102 261 1120 mansisse
275 1101 356 1120 dicenda
370 1106 406 1120 est.
416 1102 472 1122 Nam,
483 1101 576 1120 subsumit
586 1105 682 1126 patronus,
693 1101 790 1125 exemptio
800 1106 840 1119 mo-

167 1133 244 1151 nasterii
258 1132 310 1151 haud
325 1139 390 1151 secum
400 1133 435 1151 sert
449 1132 591 1157 exemptionem
601 1132 700 1151 ecclesiae.
716 1132 744 1150 lta
755 1132 773 1150 in
784 1131 839 1150 simili
