915 1302
178 20 197 34 ss
388 21 414 35 Ex
424 21 439 35 s.
448 21 568 40 Congregaeione
578 21 639 35 eoncmt

178 74 325 98 poenitentiario
341 73 412 98 duplex
431 73 481 92 adsit
495 80 563 92 munus
580 80 649 98 nempe
667 74 781 98 praestandi*
794 75 851 93 chori

178 105 276 124 servitium
290 109 310 123 et
324 104 407 123 fidelium
426 105 556 124 consessiones
568 105 686 129 excipiendi,
701 109 765 124 tamen
779 111 804 124 ex
819 105 852 124 sui

178 140 245 155 natura
266 136 313 155 haec
330 136 392 155 officia
411 136 437 154 ita
451 136 544 157 differunt.
560 140 580 155 ut
594 136 609 154 si
624 142 663 155 uno
678 136 785 161 eodemque
801 140 852 155 tem-

178 173 225 192 pore
235 173 259 189 ea,
267 166 363 192 explenda
376 171 481 188 occurrant,
496 167 599 186 canonicus
612 167 769 192 poenitentiarius
783 168 851 192 potius

178 198 203 217 ad
218 198 300 217 fidelium
314 198 444 217 consensiones
457 198 562 217 audiendas
577 202 668 220 teneatur,
683 205 741 224 quam
754 199 778 218 ad
789 199 851 218 choro

178 230 326 249 inserviendum.
340 230 371 249 Ex
385 234 452 252 natura
466 230 521 248 huius
535 230 592 249 officii
606 230 689 255 primarii
705 230 725 249 fit
739 234 759 249 ut
772 230 813 255 ipse
829 230 850 249 in

178 261 327 280 confessionario
341 261 424 280 residere
438 265 525 280 teneatur
538 265 595 286 prout
605 261 687 280 fidelium
702 262 806 280 necessitas
817 261 851 280 vel

179 292 250 311 utilibus
263 292 282 311 id
296 292 361 317 exigit.
382 292 433 316 Quin
448 292 495 313 imo,
510 296 531 311 ut
547 292 604 311 docet
620 293 704 311 Fen-aris
722 293 781 316 (Bibl.
799 299 850 314 can„

178 324 227 343 νενό-
242 324 375 345 Canonicatus,
387 326 423 342 art.
433 329 453 349 9,
466 330 483 342 n.
499 323 532 349 76)
546 324 623 342 innixus
635 324 717 349 quadam
731 324 851 343 resolutione

178 355 234 374 huius
248 355 267 374 S.
278 355 300 374 C.
311 355 330 374 in
345 355 438 380 Segobnkn.
454 354 514 373 relata
527 361 539 374 a
549 355 638 379 Crispino
648 355 714 378 (Delta
723 355 852 379 vtkitapasto-

178 387 224 407 rale,
235 389 290 411 part,v
298 392 316 407 2.
326 385 341 412 §
350 392 382 411 ²4¹
393 393 410 404 n.
421 386 450 411 2.)
465 393 474 403 «
486 382 645 405 Poe'nitentiarius
654 386 712 405 debet
725 386 815 405 assistere
830 390 851 405 et

178 418 262 437 residere
280 417 305 436 de
320 424 381 439 mene,
396 417 454 436 etiam
469 424 506 436 non
520 422 605 439 vocatus,
620 418 638 436 in
653 417 699 436 sede
714 417 851 436 confessionali

178 449 203 468 ab
218 449 315 473 Episcopo
328 449 423 468 destinata
436 449 504 467 diebus
518 449 571 467 festis
590 449 745 470 solemnioribus,
760 448 852 467 videlicet

178 480 386 505 temporenieiuniorurn
396 479 567 505 Quadragesimae,
578 480 684 501 Adventus,
695 480 783 504 Quatuor
791 480 851 498 Tem-

178 518 253 537 porum,
260 511 417 532 Resurrectionis,
423 511 552 532 Ascensionis,
559 511 686 533 Pentecostes.
696 511 787 536 Corporis
795 511 851 530 Chri-

179 543 209 565 sti,
223 543 367 567 Assumptionis
381 542 401 561 Β.
412 542 439 562 Μ.
450 541 480 564 V.,
493 542 584 561 Omnium
598 543 631 561 SS.
647 547 666 561 et
680 542 789 561 Nativitatis
809 542 850 561 Do<

180 574 225 593 mini
235 574 288 594 »251
303 574 367 598 itaque
380 573 400 593 in
414 574 471 592 certis
484 574 529 592 anni
543 573 611 592 diebus
627 572 717 592 assistere
730 578 751 592 et
764 573 850 592 residere

179 605 237 624 debet
251 605 270 624 in
282 604 330 624 sede
339 604 481 625 consessionali,
496 605 531 623 etsi
546 611 584 624 non
598 608 689 626 vocatus,
705 604 790 629 profecto
804 610 851 623 con-

179 636 264 661 sequitur
273 636 325 661 quod
335 636 354 655 in
364 636 393 655 his
407 636 479 658 diebus.
490 636 525 655 etsi
535 640 578 655 actu
593 636 723 655 confessiones
737 642 775 655 non
788 636 849 658 audit,

180 668 204 687 sit
217 672 319 692 exemptus
333 674 345 686 2
358 668 411 686 chori
425 668 502 687 servitio
515 672 535 686 et
549 667 629 693 proinde
648 668 706 687 etiarn
720 668 745 686 ab
759 668 850 686 obeundo

180 705 257 718 munere
271 699 346 718 diaconi
360 698 390 717 vel
404 698 521 717 subdiaconi.

219 730 301 749 Accedit
315 730 365 754 quod
380 729 439 748 relate
449 730 473 748 ad
487 731 650 755 opportunitatem
664 731 761 755 temporis,
776 730 813 748 loci
830 733 850 748 et

179 761 231 780 sedis
240 768 278 786 qua
286 761 444 786 poenitentiarius
454 761 538 786 recipere
552 762 611 780 debet
620 761 703 780 fidelium
713 761 848 782 consessiones,

179 793 198 811 id
213 792 269 817 plene
284 792 356 817 pendet
373 793 397 811 ab
416 792 494 811 arbitrio
508 792 608 817 Episcopi,
624 792 651 811 uti
665 796 718 817 patet
736 799 760 811 ex
774 792 850 811 duabus

179 824 305 852 sequentibus
317 824 372 843 huius
386 824 405 842 S.
420 824 443 843 C.
457 823 611 842 resolutionibus.
626 823 688 842 Prima
701 824 728 842 ita
742 823 822 842 refertur
838 829 849 842 a

180 855 269 880 Crispino
282 855 324 879 (loc.
339 855 377 876 cit„
392 861 410 873 n.
426 856 454 878 1):
478 855 544 874 ‹Cum
558 855 666 880 Episcopus
680 854 786 873 Verulanus
795 860 849 879 prae-

180 887 251 912 ceperit
265 890 286 905 ut
297 887 454 905 Poenitentiarius
468 887 565 905 assisteret
579 887 597 905 in
614 886 659 905 sede
677 881 810 910 confessionali
830 886 849 904 in

179 918 248 937 diebus
261 918 313 937 festis
327 917 478 939 solemnioribus,
492 918 510 936 in
525 918 684 943 Quadragesima,
695 918 714 936 in
724 917 815 937 Adventu
829 921 849 936 et

180 949 198 968 in
213 949 255 968 aliis
268 949 402 968 festivitatibus
419 953 476 973 prout
492 949 511 967 in
528 949 611 971 decreto,
628 949 707 973 ipseque
724 949 849 967 Poenitentia-

179 980 218 999 rius
227 980 361 1005 praetenderet
375 986 413 999 non
427 980 488 998 teneri
497 980 586 999 assistere
596 980 630 999 nisi
640 984 726 1001 vocatum
742 980 849 1004 quaesitum

180 1012 222 1030 suit:
241 1018 267 1030 an
288 1009 378 1035 Epnkcopd
398 1011 474 1030 licuerit
490 1011 553 1034 faccn
572 1011 644 1030 dictum
662 1013 787 1035 praeceptum.
811 1010 849 1029 Die

182 1049 205 1066 19
220 1043 258 1061 Ian.
277 1044 325 1066 1646
340 1043 359 1061 S.
372 1042 394 1061 C.
409 1042 431 1061 C.
447 1043 521 1061 censuit
537 1042 653 1067 Episcopum
667 1043 736 1067 exequi
750 1047 770 1061 et
784 1043 849 1061 Poeni—

179 1074 287 1093 tentiarium
301 1080 369 1098 parere
383 1074 454 1093 debere
464 1082 482 1092 ι.
504 1073 570 1093 Altera
584 1073 675 1093 resolutio
688 1078 718 1092 est
731 1074 750 1093 in
764 1073 848 1093 Abulen.

182 1112 203 1124 21
214 1105 261 1130 Apr.
271 1106 326 1129 1587,
335 1105 368 1124 ubi
375 1105 394 1125 S.
402 1105 423 1124 C.
433 1106 538 1130 rescripsit:
558 1113 567 1123 ‹
574 1105 645 1124 debere
651 1105 741 1124 eumdem
750 1105 849 1124 Paeniten-
