915 1302
364 56 441 70 Divionen-
710 59 715 69 ι
718 54 736 69 65

67 111 117 130 ferae
131 111 182 129 illius
196 111 272 135 plantae
290 111 325 129 sub
342 111 409 129 umbra
428 110 487 129 crevit
501 110 548 129 Ven.
564 110 601 129 Dei
616 110 675 129 Serva
689 110 738 128 Mar·

67 142 129 167 garita
143 148 156 160 a
170 142 230 160 SSmo
244 142 374 163 Sacramento,
389 142 497 166 fructusque
515 141 568 160 dedit
586 141 643 166 plane
661 141 736 166 dignos,

67 174 135 198 quibus
149 174 229 192 laetetur
242 180 294 192 mons
309 174 356 192 Sion
370 176 387 192 tt
399 173 493 192 exsultent
500 173 558 198 filiae
572 173 636 192 Iudae.

106 205 227 223 Venerabilis
241 205 352 230 Margarita,
372 204 469 230 religionis
484 210 552 223 nomen
567 204 638 229 adepta
652 210 664 223 a
677 203 737 223 SSfflo

66 236 192 255 Sacramento
206 240 284 261 propter
298 235 413 260 singularem
427 242 466 260 quo
480 236 567 260 flagravit
581 241 666 254 amorem
681 236 699 254 in
711 235 738 254 di-

66 268 132 286 vinum
146 267 244 288 Infantem,
260 271 302 286 orta
315 271 346 286 est
360 267 423 285 Belnis
442 267 460 285 in
475 267 538 286 Gallia
551 273 585 286 vm
599 267 624 285 id.
640 266 737 286 Februarii

66 305 95 317 an.
112 304 193 317 uncxlx.
208 299 241 317 Ab
255 299 332 317 ineunte·
346 302 409 317 aetate
423 298 511 317 caelestis
525 299 598 323 gratiae
608 298 664 317 donis
673 298 699 316 ita
708 302 738 317 est

66 331 168 351 cumulata.
185 335 204 349 ut
218 334 333 355 apparerent
347 330 365 348 in
381 330 422 355 ipsa
434 330 488 354 quasi
498 330 571 348 semina
580 330 645 349 innata
655 330 738 349 christia-

67 368 102 380 nae
116 362 197 380 virtutis.
213 362 287 380 Mature
301 362 373 386 quippe
387 361 405 380 in
420 361 483 386 puella
497 361 588 380 fulserunt
602 365 622 380 et
639 361 701 385 pietas
719 361 738 379 in

66 393 131 412 Deum
145 397 166 411 et
180 393 198 411 in
212 393 310 417 proximos
324 393 398 411 caritas.
413 393 504 411 Nondum
518 393 616 417 septennis
630 392 694 417 plures
706 392 738 410 ho-

67 431 102 446 ras,
119 424 178 443 etiam
193 428 299 445 nocturnas,
315 424 393 448 ipsAque
408 424 427 443 in
441 424 510 442 hiemis
523 424 632 448 asperitate,
650 423 739 448 precibus

66 457 159 477 vacabat;
174 456 290 480 pauperibus
304 456 384 474 obsonia
398 455 473 480 aliaque
487 456 522 474 sibi
537 455 605 474 collata
615 461 694 474 munera
703 455 739 474 dis-

66 488 174 508 tribuebat:
193 488 278 512 aegrotis
296 493 334 506 non
351 487 412 506 solum
426 487 484 508 domi,
503 487 537 506 sed
555 487 613 506 etiam
632 487 650 505 in
669 486 739 505 valetu-

66 519 146 538 dinariis
160 519 265 539 adsidebat.
280 524 346 537 eorum
363 524 429 537 curare
448 518 526 537 vulnera
545 517 688 542 deoscularique
707 518 739 536 mi-

67 551 117 569 nime
133 550 198 569 verim.

106 582 186 600 Mortua
200 585 283 605 parente.
299 580 403 605 Deiparam
417 581 453 599 sibi
467 585 546 599 matrem
556 581 615 606 elegit
624 581 702 606 eiusque
713 588 739 601 re-

66 612 134 637 ligioni
149 612 167 630 in
183 612 272 630 Belnensi
286 611 366 630 Familia
385 612 529 630 Carmelitidum
548 618 634 631 sororum
652 619 694 631 sese
708 613 740 631 de-

66 644 125 663 vovit.
141 643 184 662 Hoc
199 643 251 668 pacis
264 647 284 662 et
297 643 372 662 virtutis
386 643 460 668 asylum
474 644 561 668 ingressa
570 648 600 662 est
609 643 697 662 undecim
707 650 740 662 an-

67 682 102 694 nos
116 679 173 696 nata5
188 681 250 699 eoque
264 674 298 693 fuit
312 674 338 693 illi
352 674 419 693 laetior
432 679 518 696 eventus,
533 675 590 699 quod.
608 675 640 700 qui
654 675 696 694 dies
715 675 738 693 ad

66 706 188 727 coenobium,
203 706 254 724 idem
268 706 293 724 ad
307 706 389 724 caeleste
403 706 491 730 pabulum
502 706 589 731 primitus
598 706 738 731 degustandum

67 738 141 757 aditum
156 737 250 762 patefecit.
273 737 337 760 Quum
356 737 475 761 tyrocinium,
495 742 534 755 tum
553 737 646 762 reliquum
664 741 740 762 tempus

67 773 111 793 post
127 773 237 793 nuncupata
250 772 295 786 vota
309 768 402 787 solemnia
415 774 438 787 ea
453 768 554 793 religiosae
563 768 615 787 vitae
625 768 740 793 perfectione

67 800 158 820 traduxit,
174 803 213 818 tam
227 799 277 818 altae
291 799 400 818 caeleszium
415 805 477 818 rerum
490 799 646 824 contemplationi
655 800 739 818 animum

67 831 156 851 intendit,
171 835 192 849 ut
206 830 269 856 angeli
284 831 366 855 speciem
378 831 446 855 potius,
457 837 514 855 quam
525 831 599 855 puellae
609 831 738 855 praeseferret.

68 862 160 880 Divinum
175 862 272 883 Infantem,
293 862 322 880 cui
337 868 358 880 se
372 866 431 880 totam
451 866 563 880 sacraverat.
584 862 656 881 fervido
674 868 739 881 amore

68 897 185 918 prosequuta
199 897 233 914 est,
249 893 333 917 nihilque
347 894 479 917 praetermisit,
499 894 550 918 quod
564 893 590 912 illi
604 897 740 918 gratumesse

69 929 145 949 putaret
159 925 238 949 eiusque
252 924 344 943 voluntati
358 928 513 944 consentaneum.
533 924 576 943 Tali
590 925 626 943 sibi
641 925 740 949 proposito

68 956 165 981 exemplo,
181 956 248 974 mirum
263 961 300 974 non
315 959 344 974 est
358 955 409 980 quod
424 955 442 974 in
457 956 498 974 eius
512 956 563 974 omni
577 956 616 975 vita
631 956 675 974 nihil
685 956 740 975 suerit

68 987 215 1011 deprehensum,
231 987 282 1011 quod
297 987 335 1005 ullo
344 991 402 1012 paeto
412 987 473 1006 notari
483 991 554 1011 posset,
565 987 610 1006 nihil
621 987 679 1006 immo
688 987 739 1012 quod

70 1024 106 1036 non
117 1024 239 1043 summopere
249 1018 364 1037 laudandum
374 1018 474 1037 videretur.
490 1018 609 1037 Provehendi
619 1023 683 1037 autem
693 1019 741 1037 eius-

70 1049 121 1068 modi
135 1049 197 1068 cultus
209 1050 291 1068 maxime
301 1049 386 1071 sollicita,
397 1049 504 1068 sodalitium
515 1050 601 1072 instituit,
611 1050 640 1068 eui
650 1050 740 1075 adscripti

70 1080 135 1099 fideles
150 1087 211 1099 annos
225 1081 326 1099 duodecim
341 1081 382 1099 Iesu
397 1081 524 1099 adolescentis
536 1082 592 1099 certis
602 1081 689 1105 precibus
699 1087 741 1106 pro-

71 1116 200 1136 sequerentur.
216 1112 271 1135 Quae
286 1112 354 1136 religio
369 1112 426 1133 brevi.
442 1118 480 1130 non
495 1112 553 1131 modo
567 1112 654 1133 Galliam,
666 1112 699 1131 sed
709 1118 741 1131 ex-

71 1146 122 1161 teras
135 1149 212 1167 quoque
226 1147 295 1167 gentes
309 1143 335 1161 ita
349 1147 379 1161 est
393 1147 503 1168 pervagata.
518 1147 539 1162 ut
553 1149 564 1162 a
578 1150 605 1162 sa.
617 1150 653 1162 me.
670 1142 703 1162 Pio
712 1144 740 1162 lx
