915 1302
195 51 214 68 a,
402 50 428 64 Ex
438 50 453 64 s.
464 49 584 69 Congr230150n2
596 49 658 63 anaim

447 108 611 127 MONTISALTI

296 150 364 163 orimus
378 150 444 166 Quom
458 150 571 163 cmomeuu
585 150 763 163 roem‘rmrmmuu

195 188 325 210 Quandonam
342 188 446 205 canonicun
463 188 625 209 poenitentiarius
643 175 733 205 tene-uir
750 188 776 205 ια
793 188 865 206 uitari·

239 216 347 233 servitium.

236 261 359 286 Expositio
366 260 426 281 facti.
435 260 494 279 Sacra
504 260 582 279 Rituum
592 261 725 286 Congregatio
734 261 753 280 in
768 261 865 280 Veliam

195 292 232 311 diei
248 298 269 311 21
287 292 326 311 Ian.
345 293 401 315 1673,
416 298 434 310 n.
448 293 496 315 1462
511 291 625 311 declaravit:
650 299 659 310 ε
669 292 787 311 Canonicum
802 292 866 317 poeni-

194 323 303 342 tentiarium
313 322 404 342 ecclesiae
412 322 527 341 cathedralis
536 323 618 342 civitatis
628 323 743 345 Veliternae,
749 323 816 342 ultimo
823 323 866 342 loen

195 355 304 380 provisum,
320 361 358 373 non
373 361 429 379 posse
446 354 490 379 cogi
507 354 531 373 ad
548 354 690 373 inserviendum
708 355 769 374 missis
785 355 867 374 cantatis

195 393 230 412 pro
244 387 325 405 diacono
341 390 361 404 et
377 386 507 407 subdiacono,
522 386 657 404 constitutione
673 392 707 405 seu
728 387 867 405 consuetudine

195 418 258 437 dictae
271 417 364 436 ecclesiae
379 417 396 435 in
412 417 526 436 contrarium
542 423 579 436 non
594 417 682 436 obstante
692 424 710 436 ».

236 449 286 468 Hinc
300 448 403 467 canonicus
417 448 575 473 poenitentiarius
589 448 702 467 cathedralis
721 448 827 468 Montisaln‘
843 449 867 467 ab

195 480 263 499 eadem
273 480 292 499 S.
303 480 324 498 C.
336 480 358 498 R.
370 480 472 504 postulavit
484 479 581 504 sequentis
595 479 647 498 dubii
661 479 786 498 solutionem:
801 483 867 498 utrum

195 512 245 530 dicta
259 511 325 530 decutio
338 511 411 529 eximar
424 511 499 529 omnino
507 510 677 534 poenitentiarium
686 518 698 529 a
708 517 784 530 murum
792 511 870 530 diaconi

195 546 212 562 ct
221 542 331 561 subdiaconi
338 542 423 563 obeundo,
433 542 464 560 vel
475 542 537 560 valeat
545 544 620 560 tantum
630 544 667 566 pro
680 545 765 566 tempore,
779 549 815 566 quo
829 549 868 561 can·

189 574 282 598 sessionaes
296 573 357 592 audit.

236 605 358 623 Transmissa
371 604 499 628 postulatione
513 604 537 623 ad
552 604 571 623 S.
583 604 604 623 C.
616 604 702 625 Concilii.
718 605 779 630 rogati
792 605 868 624 suerunt

196 640 236 655 tum
251 636 310 655 Erhus
325 636 433 660 Episcopus
447 635 556 654 Veliternus
570 639 610 654 tum
627 635 735 660 Episcopus
751 636 866 658 Montisalti,

196 672 217 686 ut
230 667 322 686 referrent
340 673 364 685 an
379 667 397 685 in
412 663 522 691 respectivis
541 667 580 685 suis
597 667 736 686 cathedralibus
750 671 826 686 extaret
839 674 868 686 ca-

196 699 307 717 nonicorum
326 698 395 716 divisio
414 698 466 717 iuxta
484 698 578 722 triplicem
597 698 695 719 ordinem.
711 698 866 723 presbyteralem,

196 729 315 748 diaconalem
329 733 349 748 et
363 729 524 749 subdiaconalem.
539 729 648 754 Episcopus
661 729 765 748 Montisalti
776 730 840 749 retulit
849 730 867 748 in

197 767 231 780 sua
245 760 348 779 cathedrali
361 760 410 779 hanc
425 760 538 779 divisionem
553 766 590 779 non
605 760 698 781 existere:
713 767 762 785 quae
776 767 787 779 e
802 765 868 779 contra

197 792 291 811 invenitur
305 792 323 810 in
338 791 441 810 cathedrali
456 791 559 813 Veliterna,
575 795 631 816 prout
642 795 723 810 testatus
737 796 766 810 est
780 792 868 811 Vicarius

197 823 299 849 generalis.
318 823 375 841 Nona
393 823 443 842 enim
462 829 486 841 ex
501 823 667 841 constitutionibus
681 823 816 847 capitularibus
831 823 868 842 diei

200 861 222 878 ¹9
233 854 278 873 Maii
292 855 341 878 1636
352 854 418 873 habet:
438 861 447 872 ι
455 854 546 873 Canoniei
557 860 625 873 omnes
633 854 716 873 habeant
730 854 816 873 ordinem
828 860 868 879 pre-

197 886 275 910 sbyterii
285 892 386 907 annexum,
402 889 476 910 praeter
486 885 562 904 ultimos
571 889 658 910 quatuor.
669 892 749 910 quorum
760 885 819 904 ultimi
829 885 867 904 duo

197 917 268 936 debent
275 923 317 935 esse
325 916 392 935 saltem
400 917 517 938 subdiaconi.
528 920 548 935 et
559 916 589 935 alii
600 917 638 935 duo
647 916 748 935 diaconi».
764 916 819 940 Quae
829 917 868 941 qui-

197 948 242 967 dem
260 948 395 967 confirmantur
414 954 438 966 ex
454 948 579 972 responsione
593 954 604 966 a
619 947 702 972 capitulo
718 947 763 966 data
779 947 797 966 in
815 953 868 966 sacra

197 979 311 997 Vis‘itatione
325 985 355 997 an.
369 979 428 1001 1890,
448 979 479 997 ubi
494 982 593 1003 praeterea
606 979 686 997 edicitur
700 978 751 1003 quod
766 978 868 997 canonicus

197 1010 359 1034 poenitentiarius,
373 1009 417 1028 licet
431 1009 507 1028 ultimus
518 1010 612 1034 provisus,
622 1010 641 1027 in
656 1008 805 1034 presbyteralem
820 1008 868 1027 ordi-

198 1047 241 1060 nem
256 1047 331 1065 semper
345 1045 450 1065 cooptatur.

238 1072 459 1093 Animadversiones
474 1077 504 1092 ex
519 1071 601 1092 officio.
620 1072 640 1090 ln
654 1072 720 1097 primis
739 1071 798 1090 Cone.
814 1071 866 1090 Trid.

198 1105 248 1128 (sess.
255 1109 286 1129 24,
296 1106 334 1128 cap.
343 1103 357 1122 8
365 1103 386 1122 da
394 1103 445 1128 Res.)
461 1103 527 1122 statuit
541 1107 561 1121 ut
579 1110 588 1121 ι
595 1103 699 1122 canonieus
713 1103 868 1127 poenitentiarius

196 1135 242 1154 dum
252 1135 382 1154 consessiones
392 1135 410 1153 in
420 1134 500 1153 ecclesia
510 1134 580 1156 audiet,
591 1134 666 1153 interim
676 1140 767 1158 praesens
776 1134 795 1152 in
809 1134 867 1153 choro
