915 1302
343 64 425 78 Mamaeam
700 62 708 76 8
711 62 718 76 5

50 117 142 136 habeatur
150 125 168 136 ι.
184 118 214 136 Ex
223 118 275 137 hisce
286 118 370 142 profecto
380 118 444 136 verbis
457 117 516 142 liquet
531 116 643 136 canonicum
655 116 720 140 poeni-

50 149 156 168 tentiarium
170 148 242 174 duplex
255 149 325 167 habere
340 155 394 170 onus,
409 149 518 174 primarium
529 154 598 172 nempe
612 147 719 172 excipiendi

50 180 131 198 fidelium
146 180 275 199 consessiones
285 180 303 198 in
314 180 400 201 eeclesia.
411 184 430 199 et
440 180 519 198 alterurn
534 179 596 204 primo
610 178 720 197 subordina-

50 214 87 230 tum
98 217 168 236 nempe
182 211 291 236 praestandi
306 211 358 230 chori
372 211 468 230 servitium
482 215 577 236 quatenus
591 210 720 229 consessiones

50 248 85 260 non
95 242 167 261 audiat.
182 242 232 261 Hinc
242 247 262 261 ut
272 243 312 267 ipse
326 243 397 262 fruatur
406 242 506 267 privilegio
518 241 645 266 exemptionis
655 247 666 260 a
676 241 720 260 cho-

50 272 81 291 rali
95 273 174 292 servitio
188 273 257 298 requiri
272 273 346 292 videtur
360 277 380 292 ut
394 273 418 292 de
432 273 482 292 sacto
500 273 631 292 consessiones
648 272 718 291 audiat.

87 304 129 323 Nec
144 304 181 323 alia
195 305 281 329 profecto
294 309 324 323 est
338 305 469 329 interpretatio
483 304 529 323 data
539 311 550 323 a
559 304 675 323 doctoribus.
692 304 720 322 lta

50 335 95 354 Ven.
114 335 241 354 Bellarminus
257 336 329 359 (adnot.
344 336 371 354 ad
385 336 437 355 Conc.
458 336 477 354 Τ
475 335 524 360 rid.)
542 335 600 354 refert
617 342 660 354 esse
678 341 719 353 sen-

49 367 128 385 tentiam
143 373 155 385 a
168 367 272 386 eanonistis
290 367 404 386 unanimiter
418 371 514 391 receptam
531 366 582 391 quod
601 374 610 384 ι
620 366 720 385 Paeniten-

49 398 117 419 tiariuS,
133 398 180 417 dum
194 398 248 417 audit
262 398 396 420 confessiones,
412 402 501 417 censetur
515 404 607 423 praesens
626 398 645 416 in
660 398 719 417 choro

49 436 81 453 pro
95 429 263 448 distributionibus
276 429 306 448 vel
320 429 481 454 processionibus,
492 429 526 448 sed
540 436 577 448 non
592 429 661 448 sufficit
675 435 719 448 esse

49 460 66 478 in
75 460 232 482 eonfessionario,
243 460 279 479 nisi
289 460 365 480 realiter
374 461 503 479 confessiones
513 460 578 479 audiat
586 468 603 478 ›.
615 460 653 478 Cfr.
661 460 719 479 etiam

49 498 104 510 causa
110 492 208 510 Albam.
219 492 291 517 agitata
300 493 319 510 in
327 492 363 511 hac
373 492 391 511 S.
403 492 424 511 C.
436 491 516 511 Coneilii
526 492 557 510 die
570 492 592 510 18
603 492 650 510 Iunii
663 492 719 515 1831.

50 522 99 541 idem
113 522 173 541 tradit
187 523 273 549 Bai-bosa
284 523 367 545 (Adnot.
382 523 410 541 ad
424 523 474 542 Cone.
492 523 554 544 Tria'..
564 529 605 541 suss.
615 528 647 547 24,
657 525 697 547 cap.
707 522 721 541 8

50 553 69 572 de
81 554 175 578 Refffmu
190 561 208 573 n.
217 556 258 578 50).
274 554 330 573 Unde
345 555 459 573 Benedictus
469 554 515 573 XIV
525 554 598 579 (Instit.
608 554 665 573 eccles.
676 559 719 579 107.

50 591 65 603 κ,
79 588 119 610 55)
139 585 243 604 concludit:
267 586 408 610 «Quapropter
426 586 442 604 si
460 585 624 607 Poenitenfiarius,
642 589 674 604 aut
690 591 720 604 ca·
744 583 747 586 ’

51 616 127 635 nonicus
142 616 161 635 in
177 616 219 635 eius
232 616 294 635 locum
311 617 436 642 subrogatus,
453 617 471 635 in
488 616 639 636 administrando
656 617 720 641 poeni-

50 648 118 666 tentiae
134 652 254 667 sacramento
268 654 305 667 non
322 648 391 667 fuerint
405 648 501 673 impediti,
516 655 559 667 cum
576 647 640 667 divina
658 648 720 666 officia

50 678 66 697 in
80 679 140 698 choro
159 678 288 701 celebrantur,
304 686 346 698 cum
361 679 437 704 reliquis
456 679 558 698 convenire
572 679 652 700 debent:
668 679 719 704 qnod

51 710 63 728 si
77 710 140 729 facere
154 710 257 731 omiserint,
272 710 415 729 distributiones
429 711 544 729 amittunt».
561 711 603 729 Hoc
616 716 663 729 vero
677 717 720 729 con-

52 741 110 760 firmat
131 741 220 760 adductis
240 741 314 760 duabus
335 741 482 760 resolutionibus
499 742 518 760 S.
533 741 555 760 C.
570 742 592 760 C.
608 742 626 760 in
641 742 720 760 Lucana

55 778 75 790 10
88 772 154 791 Martii
171 773 227 799 1-635,
242 776 261 791 et
275 772 294 791 in
308 773 379 791 Famn.
396 779 420 796 ²4
435 773 474 791 Ian.
493 774 549 796 1642.

88 803 157 828 Neque
171 807 276 829 oggeratur
290 809 314 822 ex
324 803 380 822 dictis
394 803 418 822 ad
428 810 522 822 summum
537 803 611 824 deduci,
625 803 676 828 quod
691 809 720 822 ca-

53 835 129 853 nonieus
150 834 307 859 poenitentiarius
328 838 401 853 tantum
422 839 510 853 teneatur
526 835 550 853 ad
569 835 720 853 interessendum

53 865 127 884 servitio
141 865 218 887 chorali,
234 872 272 884 non
286 872 332 884 vero
347 865 371 885 ad
386 866 521 890 praestandum
540 866 637 884 servitium
656 865 720 884 altaris

53 896 69 914 in
78 897 141 915 officio
151 897 227 916 diaconi
237 897 266 915 vel
277 896 388 915 subdiaconi
398 896 438 915 sive
447 897 465 915 in
473 897 535 916 missis
545 897 632 917 cantatis.
643 896 720 921 quando

53 932 111 947 exstet
125 929 144 947 in
159 928 242 952 capitulo
258 928 346 947 ordinum
365 928 434 947 divisio
449 933 470 947 et
486 929 526 953 ipse
546 932 657 947 accensetur
671 928 720 946 inter

53 959 152 978 canonicos
166 959 241 978 noviter
255 959 332 980 eleetos,
343 959 383 977 sive
396 959 414 977 in
425 959 493 978 diebus
508 959 658 980 solemnioribus,
670 958 720 977 nulla

54 990 137 1009 ordinum
153 990 247 1009 divisione
265 994 353 1011 extante.
368 990 445 1014 quando
467 991 527 1015 prima
545 990 621 1015 capituli
636 990 720 1015 dignitas

54 1025 83 1039 aut
96 1021 144 1040 alter
158 1028 168 1040 e
182 1021 259 1046 capituli
273 1021 347 1046 gremio
363 1021 438 1040 missam
453 1022 564 1040 solemniter
578 1021 666 1040 celebret.
681 1021 721 1040 Sei—

54 1055 89 1071 tum
105 1053 199 1078 siquidem
217 1057 246 1071 est
265 1053 316 1077 quod
335 1053 404 1071 missae
421 1052 551 1072 conventualis
570 1052 672 1071 celebratio
691 1056 721 1071 est

55 1084 152 1109 praecipua
166 1084 224 1103 divini
239 1084 296 1103 officii
311 1090 361 1108 pars,
377 1084 414 1103 imo
428 1084 452 1103 ad
467 1084 517 1103 illam
532 1090 600 1103 omnes
617 1085 720 1103 canonicae

55 1114 107 1134 horae
121 1115 238 1137 ordinantur,
253 1116 280 1134 uti
294 1116 353 1140 liquet
366 1122 390 1134 ax
401 1118 438 1139 cap.
455 1116 503 1134 Cum
518 1120 613 1137 creatura,
631 1115 652 1134 de
668 1116 718 1134 celeb.

55 1146 124 1166 missar.
129 1154 138 1168 ,·
153 1147 251 1166 Gavantus
266 1147 323 1170 (Rub.
334 1147 430 1168 Missalis,
442 1147 474 1166 lib.
485 1152 501 1168 1,
508 1150 560 1171 part.
571 1153 587 1168 ι,
595 1148 624 1166 tit.
634 1152 651 1172 7.
663 1154 680 1165 n.
692 1149 719 1170 2).
748 1155 750 1157 ’
