915 1302
171 42 188 55 56
377 41 402 55 Ex
413 41 428 55 s.
438 41 558 60 Congregatianz
569 41 629 55 Rinmm

209 97 320 118 Praeterea,
339 96 395 115 Sacra
410 96 456 115 haec
476 96 618 121 Congregatio‚
636 102 685 120 quae
704 95 751 114 infra
770 96 843 120 scripta

169 132 217 148 sunt,
233 128 351 152 approbante
365 129 410 146 item
426 128 505 146 Summo
515 128 612 149 Pontifice,
623 127 767 152 religiosissime
776 127 842 146 obser—

168 158 231 177 vanda
245 159 311 177 edicit:

209 190 223 209 Ι,
238 190 399 214 Quandoquidem
414 189 527 214 Apostolica
544 190 604 208 Sedes
621 190 645 208 de
665 196 699 208 usu
717 189 842 214 glagoliticae

168 220 245 245 linguae
259 220 347 246 liturgico
361 225 489 245 opportunum
504 221 553 239 sactu
568 221 651 242 censuit,
668 221 724 239 certis
738 221 843 239 terminare

169 251 237 270 finibus
250 252 301 276 quod
316 251 361 270 olim
375 252 483 273 indulserat,
499 258 544 270 usus
558 252 666 271 huiusmodi
686 252 801 270 considerari
821 256 841 270 et

168 283 233 301 haberi
248 283 272 301 ab
286 284 375 302 omnibus
384 283 441 302 dehet
451 288 472 301 ut
481 283 601 307 privilegium
612 283 673 303 locale,
683 283 797 307 quibusdam
807 283 842 301 ad—

169 313 250 333 haerens
267 314 361 335 ecelesiis.
380 315 457 333 minime
471 321 517 333 vero
531 318 552 333 ut
565 314 673 339 personalt,
687 314 739 338 quod
753 314 777 332 ad
793 320 843 332 non-

169 345 230 364 nullos
243 346 353 364 sacerdotes
367 346 466 370 pertineat.
481 346 612 369 Quamobrem
626 345 746 367 sacerdotes,
762 346 794 370 qui
808 352 843 370 pa>

169 376 293 395 laeoslavicae
308 377 396 395 dictionis
410 377 464 401 periti
480 377 522 398 sint,
538 383 580 395 eam
595 377 685 395 adhibere
696 383 733 395 non
744 381 840 401 poterunt,

168 408 246 427 Sacrum
261 408 351 427 facientes
366 409 384 427 in
399 408 484 429 ecclesia,
500 414 549 433 quae
563 408 599 427 boc
614 407 715 433 privilegio
728 411 797 426 careat„

209 440 231 459 ΙΙ.
246 440 310 458 Semel
324 440 411 458 confecto
429 444 448 458 et
463 440 560 464 publicato
574 439 696 458 eeclesiasum
712 439 841 464 privilegiata-

168 477 209 489 rum
224 471 291 492 indice,
307 471 351 490 nulli
366 477 442 495 prorsus
456 471 520 490 licebit
535 471 552 489 in
568 471 609 489 aliis
618 470 709 491 ecclesiis.
719 477 843 495 quacumque

168 508 225 520 causa
239 507 272 520 aut
286 506 391 527 praetextu.
407 502 491 527 lingum,
506 501 664 526 palaeoslavicam
678 502 696 520 in
707 508 779 520 sacram
789 501 841 520 litut<

168 533 219 557 giam
235 533 329 553 inducere.
344 533 364 551 Si
379 534 421 557 quis
435 540 486 553 vero,
502 533 603 552 saecularis
617 531 650 551 aut
668 532 760 557 regularis
779 539 843 551 sacer-

168 564 208 585 d05,
224 571 279 583 secus
292 564 362 586 fecerit,
378 569 411 583 aut
425 565 443 583 id
458 564 585 585 attentaverit,
601 565 643 588 ipso
660 564 709 582 facto
727 570 738 582 a
757 564 843 583 celebra>

168 596 219 614 tione
229 596 300 614 Missae
311 590 454 620 ceterorumque
464 602 561 614 sacrorum
571 602 675 619 suspensus
686 599 767 616 maneat,
777 595 842 613 donec

168 628 192 645 ab
207 627 318 652 Apostolica
332 627 382 646 Sede
396 628 472 646 venian-1
482 627 596 651 impetrabit.

207 658 238 676 ΙΙΙ.
254 658 275 677 In
289 658 379 679 ecclesiis,
395 665 443 683 quae
459 658 558 683 privilegio
572 658 663 679 fruuntur,
679 658 758 676 Sacrum
777 658 841 676 facere

168 693 187 708 et
202 689 291 708 Officium
305 690 412 714 persolvere
427 689 502 714 publiea
516 693 535 708 et
545 689 625 708 solemni
635 689 714 710 ratione,
724 690 840 714 permissum

140 743 142 745 .
168 720 263 739 exclusive
277 721 313 739 erit
326 720 466 745 palaeoslavico
480 717 578 742 idiomate,
593 727 713 745 quacumque
727 720 800 739 seclusa
814 720 842 739 al-

168 752 226 771 terius
240 752 317 777 linguae
331 752 454 773 immixtione,
471 752 528 771 salvis
542 756 606 770 tamen
621 751 742 776 praescriptis
752 751 777 770 ad
791 751 839 776 §XI

168 783 223 801 huius
238 783 320 801 Decreti.
337 783 388 801 Libri
402 788 467 802 autem
481 783 505 802 ad
520 783 579 801 Sacra
597 787 617 802 et
635 783 659 802 ad
679 782 768 801 Officium
787 783 841 801 adhi—

168 814 224 832 bendi
239 815 379 833 characteribus
393 814 508 839 glagoliticis
522 815 560 833 sint
573 814 638 833 excusi
652 818 709 838 atque
719 815 743 833 ab
756 814 841 839 Aposto-
858 825 860 827 ν

167 846 203 864 lica
212 846 262 864 Sede
272 846 365 871 recogniti
375 850 394 864 et
403 846 514 870 approbati:
530 846 561 864 alii
571 846 684 870 quicumque
694 845 735 864 libri
750 845 841 869 liturgici,

154 897 157 900 ,
167 877 197 896 vel
211 877 249 896 alio
264 877 350 901 impressi
360 877 475 898 charactere,
486 877 515 895 vel
526 877 598 901 absque
608 877 745 901 approbatione
756 876 839 895 Sanctae

168 908 229 929 Sedis,
244 908 297 927 vetiti
312 908 389 926 omnino
404 908 441 926 sint
455 912 475 926 et
488 907 589 926 interdicti.

208 939 238 957 lV.
255 939 374 963 Ubicumque
388 938 470 963 populus
486 939 579 957 sacerdoti
599 938 702 957 celebranti
722 938 841 963 respondere

168 970 221 992 solet,
237 975 269 989 aut
284 970 383 989 nonnullas
397 970 468 989 Missae
482 974 546 994 partes
561 976 639 991 canere,
655 970 673 988 id
689 969 746 988 etiarn
763 969 840 988 nonnisi

159 1002 232 1028 ‘lingua
247 1001 391 1026 palaeoslavica,
407 1001 425 1020 in
440 1001 525 1020 ecclesiis
540 1001 663 1026 privilegiatis
678 1001 716 1019 fieri
726 1000 795 1019 licebit.
811 1000 841 1019 ld-

167 1039 204 1057 que
219 1037 239 1051 ut
254 1032 325 1051 facilius
339 1032 413 1053 evadat,
422 1033 492 1057 poterit
506 1032 625 1053 Ordinarius,
636 1032 722 1050 fidelibus
735 1032 839 1053 exclusive,

168 1064 277 1088 permittere
293 1062 347 1082 usum
362 1064 455 1082 manualis
465 1063 506 1082 libri
517 1064 580 1082 latinis
589 1063 735 1085 characteribus,
746 1063 790 1082 loco
799 1063 841 1088 gla—

168 1095 294 1120 goliticurum,
310 1095 388 1114 exarati.
