915 1302
360 15 472 30 Summam.
730 15 748 34 39

74 68 116 88 Cfr.
131 68 201 87 Devoti
216 68 286 91 (Instit.
302 75 350 89 can..
361 69 392 87 lib.
407 74 427 93 4,
438 71 483 93 pag.
499 71 537 93 41),
553 69 608 94 Lega
623 69 660 92 (De
670 69 748 87 iudiciis

73 99 125 120 eccl..
140 99 173 118 vol.
189 105 205 120 1,
220 106 238 118 n.
252 99 282 124 58
294 102 312 118 et
324 102 374 124 πᾳ).

118 131 176 150 Hisce
190 131 299 156 praemissis
314 132 364 150 circa
383 131 446 150 iudicii
465 132 560 150 summarii
576 136 690 156 conceptum
706 132 748 150 iuri-

73 162 146 183 dicum,
166 162 271 181 advocatus
289 162 366 181 deducit
383 163 401 181 in
421 162 490 181 eodem
508 163 578 181 iudicio
597 163 678 188 requiri:
694 163 712 187 1)
728 167 749 181 ut

73 193 140 212 adsint
154 198 215 215 actor,
232 200 283 215 reus,
298 198 318 212 et
332 194 400 215 iudex,
415 194 459 218 quia
474 194 558 212 Barbosa
576 195 612 217 (tit.
627 194 649 213 de
664 194 747 216 iudiciis,

74 231 92 243 n.
110 226 132 249 7)
147 225 237 243 iudicium
252 225 270 243 in
284 231 356 250 genere
370 225 437 244 definit
454 229 536 244 «actum
551 226 607 244 trium
618 232 747 250 personarum.

74 256 150 277 iudicis,
165 256 235 275 acturis
249 260 269 275 et
288 257 314 275 rei
329 257 348 275 in
367 257 437 275 iudicio
455 256 540 281 legitime
557 257 712 276 contendentium
721 265 731 275 ›
743 264 746 279 ;

73 288 95 311 2)
112 287 214 311 requiritur
227 287 290 312 aliqua
304 288 371 312 petitio
385 288 428 306 loco
441 287 504 309 libelli,
520 288 601 312 partium
621 288 691 310 citatio,
706 294 749 313 pro-

74 318 130 337 batio
144 322 163 337 et
172 318 258 337 defensio
272 325 294 337 ac
304 319 401 338 definitiva
411 320 511 340 sententia,
522 319 591 344 quibus
605 320 690 344 profecto
700 326 749 344 opus

74 353 104 367 est
120 353 142 368 ut
159 356 224 368 verum
243 350 336 375 iudicium.
350 350 448 370 habeatur.
468 351 523 374 Quae
538 351 610 369 sancita
628 351 749 369 inveniuntur

74 381 93 398 in
109 380 231 400 Clementina
246 381 304 405 Saepe
320 382 422 406 Cnnlz'ngit,
433 382 454 400 de
464 382 533 400 verbor.
543 382 687 406 sigmficatione.
704 382 748 407 Age

73 418 128 433 vero,
139 412 166 430 ait
175 412 285 434 advocatus,
301 413 320 431 in
330 413 429 437 proposita
437 413 555 437 quaestione,
572 419 640 438 nempe
651 413 668 431 in
679 413 748 432 iudicio

74 443 186 465 summario,
202 444 220 462 in
235 450 273 468 quo
288 445 352 469 agitur
365 444 389 463 de
405 445 459 463 bonis
474 449 493 463 et
506 445 598 463 interesse
615 445 693 463 levioris
710 451 749 464 mo-

75 474 135 493 menti
150 474 229 493 alicuius
250 475 342 493 ecclesiae
359 482 392 494 seu
411 475 493 494 fabricae
515 475 633 500 parochialis,
657 475 706 494 nulla
728 482 748 494 se

75 506 142 529 prodit
151 506 256 525 necessitas
265 506 361 525 citationis
375 511 394 524 et
404 507 521 525 interventus
531 507 658 531 procuratoris
672 507 747 528 fiscalis,

74 543 120 555 cum
135 537 227 556 ecclesiae
247 538 317 556 fabrica
331 544 342 556 a
357 538 441 562 parocho
455 538 480 556 sit
497 537 582 562 legitime
598 542 747 562 repraesentata,

74 572 93 586 et
108 568 190 592 proinde
204 569 229 587 ab
243 569 286 593 ipso
300 569 436 587 convenienter
450 568 525 587 defendi
540 572 608 593 potest.

118 600 186 624 Neque
201 599 275 618 diversa
290 604 319 618 est
337 600 439 621 conclusio,
455 600 477 618 si»
490 604 556 618 natura
575 600 634 624 ipsius
653 600 710 618 officii
724 600 748 618 ad

74 631 168 649 trutinam
178 635 282 650 revocetur.
293 631 344 650 Sane
359 631 411 649 iuxta
422 631 483 649 Bnuix
494 631 532 655 (De
542 631 620 649 iudiciis
630 631 676 652 cccl„
686 631 720 650 vul.
732 637 748 652 1,

71 665 120 687 pag.
131 664 179 687 472)
194 667 292 687 promotor
307 663 375 682 fiscalis
389 666 419 681 est
433 669 515 687 persona
533 662 637 687 «legitime
647 663 749 681 constituta

74 697 95 711 ut
111 694 153 712 iura
168 693 207 712 fisci
221 693 344 712 ecclesiastici
355 698 430 712 tueatur
445 698 465 712 et
478 694 519 712 eius
533 693 575 712 loco
589 694 608 712 in
624 694 693 712 iudicio
703 698 749 718 agat

74 729 94 743 et
110 724 226 749 respondeat
236 732 254 743 ›¹
271 725 312 743 Hoc
327 729 390 743 autem
405 725 512 743 institutum
527 731 569 743 esse
584 731 596 743 a
609 725 649 743 iure
659 724 748 749 ,positivo

75 756 182 774 derivatum
199 760 291 780 patronus
310 756 378 780 prohat
397 756 458 780 primo
473 762 497 774 ex
516 756 627 779 quaestione
644 756 694 774 circa
707 756 748 774 eius

75 787 177 811 originem,
193 793 236 805 curn
251 787 315 811 plures
333 787 422 806 doctores
441 788 535 805 retineant
549 787 585 805 hoc
599 783 688 808 officium,
708 787 747 806 iure

76 824 157 837 romano
171 819 291 843 incognitum
305 819 417 843 praesertim
432 819 450 837 in
465 819 527 837 causis
542 818 675 839 criminalibuS.
695 825 748 837 exor-

76 853 117 868 tum
133 850 193 874 primo
208 850 265 868 fuisse
276 856 287 868 a
297 850 451 875 procuratoribus
466 850 523 875 regiis
533 850 551 868 in
564 850 632 869 Gallia.
645 850 682 869 Csr.
694 850 748 875 Lega

78 881 117 904 (lac,
128 881 166 902 cit„
180 887 198 900 n.
211 886 248 905 134
259 881 279 899 in
290 883 346 904 nota).
362 881 468 900 Deducitur
477 881 555 905 insuper
569 888 593 899 ex
606 881 659 905 praxi
670 881 688 899 in
703 881 749 899 mul-

77 912 101 930 tis
115 912 172 931 curiis
192 912 326 931 ecclesiasticis
345 912 423 937 vigenti,
445 913 463 930 in
485 912 554 937 quibus
575 916 647 931 tanturn
668 913 749 931 habetur

78 948 175 967 promotor
189 943 257 962 fiscalis
272 944 374 962 criminalis
388 944 414 962 uti
430 944 486 962 refert
501 944 575 962 Ferrari
590 944 672 967 (Summ.
682 944 746 962 lnstit.
770 950 774 953 Α

78 981 124 995 can..
133 975 167 993 vol.
175 980 193 995 2,
204 978 240 1001 7302.
251 975 275 1000 i),
282 975 332 999 quod
341 975 445 999 respondet
453 975 570 993 instructioni
578 975 597 993 S.
604 975 626 994 C.
632 975 672 993 EE.
679 979 699 993 et
706 975 747 993 RR.
766 988 768 990 ψ

78 1006 115 1024 diei
132 1012 152 1024 11
171 1006 216 1024 Iunii
235 1007 289 1027 1880,
305 1012 354 1031 quae
369 1007 387 1024 in
402 1010 436 1025 art.
455 1013 476 1029 13
492 1003 619 1025 interventum
636 1013 669 1025 seu
684 1012 748 1025 neces·

78 1037 153 1055 sitatem
172 1038 301 1062 procuratoris
320 1037 389 1056 fiscalis
407 1042 481 1056 tantum
500 1038 519 1056 in
538 1038 600 1056 causis
619 1037 748 1056 criminalibus

79 1068 200 1092 praescribit:
221 1076 230 1086 ‹
240 1068 346 1093 Unicuique
363 1069 426 1087 curiae
444 1075 493 1093 opus
507 1073 536 1087 est
550 1072 672 1093 procuratore
690 1068 748 1087 fiscali

79 1106 113 1123 pro
127 1099 197 1118 iustitia
211 1104 231 1118 et
245 1100 293 1125 legis
303 1099 362 1118 tutela
371 1107 389 1118 ι.
405 1100 457 1123 Quin
468 1100 511 1121 imo,
520 1100 606 1124 quamvis
621 1099 748 1124 procuratoris
