915 1302
334 67 433 86 ,magonem
702 67 721 81 ει

49 126 89 139 rum
103 120 134 139 ius
148 120 215 139 stolam
230 121 248 139 in
263 121 376 139 cadaverum
386 121 544 140 associationibus
553 121 656 139 deserendi.
673 121 723 140 Con-

49 151 107 170 tendit
122 151 173 170 enim
187 152 224 170 hoc
238 152 267 170 ius
280 151 381 170 dumtaxat
399 152 423 170 ad
441 152 545 176 pai-ochum
563 152 663 176 pertinere,
678 159 722 171 cum

49 182 72 201 sit
85 180 221 201 iurisdictionis
235 183 317 208 signum.
336 183 374 204 efn,
390 183 495 202 Clericatus
512 183 565 206 (disc.
575 182 589 201 6
588 189 608 208 9,
621 190 639 201 n⁴
650 183 720 208 15-17)

49 218 67 233 et
80 214 158 233 Samuel
173 214 211 238 (De
220 214 292 238 sepult..
307 217 360 234 tract.
371 220 388 235 1,
398 214 446 239 disp.
456 220 475 236 2,
488 218 567 234 controv.
580 220 602 239 5,
615 215 669 233 conat.
681 217 720 240 14).

49 245 96 264 Cum
111 245 170 270 igitur
184 246 267 270 parocho
282 246 373 270 privative
388 250 485 270 competat
499 246 527 264 ius
541 246 637 265 deferendi
652 246 720 265 stolam

50 277 66 295 in
80 277 185 298 funeribus,
200 277 237 296 hoc
251 278 280 295 ius
294 284 329 296 suo
339 277 470 302 viceparocho,
481 278 512 301 qui
523 277 547 296 de
560 277 666 296 animarum
676 284 721 296 cura

50 308 155 332 participat,
170 308 253 327 tribuere
267 308 322 330 valet.
339 314 373 327 nee
388 308 425 327 ulla
439 308 494 327 adest
510 309 558 327 ratio
573 315 606 327 cur
622 309 672 327 idem
691 309 720 327 ius

50 338 134 364 delegari
149 339 256 358 necessario
270 339 340 358 debeat
354 340 446 358 canonico
456 339 575 364 collegiatae.
591 340 678 358 Tandem
689 346 720 364 pa-

50 371 153 389 trocinator
167 370 269 390 ostendere
283 371 348 390 nititur
357 375 478 396 praetensum
488 366 565 395 capituli
575 371 605 390 ius
615 377 676 395 neque
686 372 722 396 pri-

50 401 124 426 vilegio,
141 408 202 426 neque
217 402 350 423 reservatione,
366 408 427 426 neque
442 402 579 421 consuetudine
587 401 667 422 fundari.

88 433 191 453 Dubium.
206 434 242 452 An
256 433 348 452 decretum
361 434 425 452 curiae
438 434 458 452 A
462 434 592 458 lbinganensis
605 433 678 459 disi29
689 434 721 452 la-

50 464 119 482 narii
131 470 182 489 1905
195 465 221 483 sit
234 464 384 489 confirmandum
398 464 429 483 vel
441 464 580 489 infirmandum
595 465 615 483 in
629 471 678 483 casu.

87 495 187 516 Decisio.
203 495 246 514 Emi
260 496 326 514 Patres
340 496 358 514 S.
374 495 445 520 Congr.
464 495 554 517 Concilii,
574 496 662 514 omnibus
676 495 719 514 hinc

52 526 93 545 inde
108 527 199 551 pensatis,
215 527 246 545 die
262 533 286 550 ²4
301 527 363 545 Martii
382 528 431 550 1906
446 527 595 551 responderunt:

88 558 190 577 Decretum
203 565 239 577 essa
253 558 409 583 confirmandum,
423 561 440 576 tt
453 558 481 576 ad
493 561 580 579 mentam,
594 565 641 583 quae
652 561 679 576 est
692 558 721 576 αἰ-

51 595 86 607 cere
99 592 123 607 ut
137 589 266 613 viceparoclzus
280 590 302 607 in
315 595 404 607 concursu
414 595 455 607 cum
465 589 529 613 aliquo
538 589 629 610 canonico,
640 589 680 613 :psi
687 589 720 607 ho-

52 621 100 639 nortk
114 621 173 639 causti
186 620 237 639 cedat
249 620 306 639 stoke
318 620 435 641 delationem,
445 620 504 639 salvis
513 621 577 639 celeris
586 621 627 639 cius
636 620 719 638 iuribus.

88 651 197 677 Colliges.
215 654 238 670 1⁹.
249 652 272 670 Vi
287 651 384 677 legitimae
399 652 546 673 consuetudinis,
562 656 663 676 praesente
673 652 722 676 capi-

51 683 88 701 tulo
102 683 217 708 collegiatae
231 682 329 704 eeclesiae,
344 687 420 708 praeter
434 689 491 707 quam
501 683 525 701 ad
536 683 639 708 parochum
650 683 669 701 in
679 682 721 701 loco

52 715 121 739 proprii
136 714 192 733 officii
207 714 331 736 incedentem,
348 715 377 733 ius
390 715 486 733 deserendi
501 714 568 733 stolam
579 714 597 732 in
607 714 720 733 cadaverum

52 746 207 765 associationibus
221 746 304 771 pertinet
317 746 342 765 ad
357 746 470 765 canonicum
484 745 598 770 digniorem.

90 780 115 796 2⁰.
128 778 148 796 ln
163 778 247 796 themate
262 783 313 798 vero,
332 777 470 796 interveniente
487 776 612 802 collegialiter
631 775 720 800 capitulo,

53 808 79 827 ius
92 808 161 827 stolam
174 808 272 827 deserendi
288 809 380 833 competit
400 808 494 833 parocho,
515 808 547 832 qui
565 813 602 826 una
620 807 676 825 simul
693 811 722 825 est

53 839 172 864 Praepositus
186 844 205 858 et
220 840 280 864 prima
294 839 370 864 capituli
385 839 474 864 dignitas.
582 851 584 853 -

91 873 117 894 ³⁹·
128 871 155 889 At
168 877 227 895 quum
241 870 308 895 aliquis
322 870 430 892 canonicus,
446 870 520 889 etiamsi
535 870 559 888 sit
573 869 650 894 capituli
664 869 722 894 depu-

54 906 107 923 ratus.
123 902 204 921 funereis
218 902 377 920 associationibus
386 901 495 926 singillatim
506 901 612 922 intervenit.
623 901 652 919 ius
662 900 722 919 stolae

54 933 143 958 competit
156 932 252 952 exclusive
267 933 356 957 parocho.
372 936 391 951 et
406 938 439 956 per
454 938 575 956 consequens
588 932 629 950 eius
647 932 721 956 vicepa-

55 964 109 983 rocho
123 963 153 983 vel
168 964 228 982 altero
242 964 283 982 eius
297 963 393 988 delegato.

92 998 118 1019 4¹¹.
129 996 178 1014 Hinc
192 1001 217 1014 ex
232 995 312 1019 simplici
327 999 400 1013 tantum
415 994 503 1013 decentia
517 994 625 1012 decernitur
640 998 660 1012 ut
674 994 723 1012 vice-

56 1027 146 1050 parochus
160 1027 179 1045 in
193 1032 286 1045 concursu
301 1032 343 1044 cum
358 1026 409 1044 dicto
419 1025 511 1044 canonico
524 1026 579 1044 cedat
589 1024 648 1044 solam
663 1024 722 1043 stolae

56 1057 173 1079 delationem,
182 1057 239 1076 salvis
250 1057 392 1076 remanentibus
404 1057 484 1075 coeteris
496 1056 567 1075 iuribus
577 1055 722 1081 parochialibus.
