915 1302
178 63 198 77 82
387 64 412 78 Ex
422 64 437 78 S
447 64 568 84 Congregatione
580 64 642 79 Concilii

179 117 301 139 habitualem,
317 118 370 137 iuxta
384 115 454 137 tra'dita
467 124 479 136 a
493 118 511 137 S.
523 118 573 137 Rom
587 118 651 143 (decisi
660 117 704 143 184,
718 125 737 137 n.
747 124 774 143 ²4
787 125 851 137 coram

181 149 272 173 Olivaeio)
286 153 332 168 et>a
346 149 403 168 eard.
414 149 445 168 De
454 149 507 168 Luca
517 149 556 174 (Da
565 149 651 174 paroch„
665 149 710 168 disc.
720 149 758 175 17).

220 180 295 199 Exinde
313 184 406 205 patronus
424 180 482 199 fluere
501 181 574 202 asserit.
589 180 618 199 ius
636 180 733 199 deferendi
748 180 816 199 stolam
831 181 849 199 in

178 210 264 229 levandis
277 211 402 230 cadaveribus
414 217 520 236 eorumque
534 211 666 233 associatione.
682 212 757 236 quoties
769 211 850 236 Pmepo-

177 242 223 260 situs
238 242 292 263 absit,
308 242 363 261 tribui
378 248 416 261 non
426 248 484 267 posse
493 242 549 261 huius
557 243 684 267 vieeparocho
693 249 726 261 seu
737 243 849 261 substituto:

179 279 222 291 nam
236 273 285 292 inter
299 273 345 294 iura,
362 279 411 298 quae
430 273 535 298 capitulum
552 278 629 292 exercet
647 280 690 292 cum
709 274 802 298 parocho,
820 278 851 293 est

178 305 235 323 etiarn
249 304 278 323 ius
291 304 367 323 levandi
382 304 484 326 cadavera,
499 305 577 323 missam
591 304 720 329 exsequialem
734 305 815 324 canendi
830 309 850 324 et

178 336 306 355 emolumenta
320 337 391 355 funeris
404 336 528 361 percipiendi.
543 336 607 360 Quum
622 336 680 361 igitur
693 336 777 361 capitulo
789 340 808 355 et
817 343 850 361 pa-

178 368 236 387 rocho
251 374 285 395 par
298 368 323 387 sit
337 367 441 387 iurisdictio
455 367 475 386 in
493 367 596 389 cadavera.
609 374 698 392 ,aequum
713 367 799 392 profecto
820 372 850 386 est

178 403 204 420 ut,
219 399 298 418 absente
313 399 402 424 parocho.
414 395 437 417 ¹in
452 399 492 417 iure
506 399 603 418 deferendi
618 398 697 420 stolam,
712 399 765 423 quod
778 402 808 417 est
827 399 850 417 si-

177 436 238 455 gnum
251 430 391 452 iurisdictionis,
405 436 445 448 non
460 430 550 449 succedat
563 430 704 455 viceparoehns
718 436 752 448 seu
771 430 850 454 parochi

177 461 283 486 delegatus,
299 461 333 480 sed
348 461 411 486 potius
425 461 528 486 capitulum
542 468 576 480 seu
590 461 632 480 eius
646 461 697 480 vices
715 466 791 486 gerensz
812 461 850 480 De-

178 499 229 511 mum
248 493 345 517 hucusque
364 493 433 511 tradita
448 492 512 517 quoad
531 493 560 511 ius
577 492 674 511 deferendi
689 492 757 511 stolam
773 492 791 511 in
806 499 850 511 con-

178 524 272 542 currentia
286 524 371 548 deputati
386 530 397 542 a
411 523 494 548 capitulo
508 530 551 542 curn
566 524 644 548 parochi
659 524 761 542 substituto
771 524 850 542 roborat

178 555 254 573 statutis
267 554 402 579 capitularibus
412 561 486 573 necnon
496 554 581 580 pluribus
591 556 671 574 testibus
680 555 850 580 comprobantibus

177 586 214 605 hoc
229 586 257 605 ius
271 592 296 605 ex
310 586 448 605 consuetudine
463 590 561 610 spectasse
575 590 595 604 et
608 586 712 605 exercitum
727 586 783 605 fuisse
798 592 810 604 a
819 592 849 604 ca<

178 617 247 636 nonico
262 616 337 641 capituli
352 617 460 635 substituto.

218 648 372 669 Dedubtiones
386 648 486 673 parochi„
501 648 530 667 Ex
544 648 604 667 altem
613 653 667 673 parte
676 649 709 673 qui
718 648 759 667 iura
770 648 849 673 parochi

177 684 249 701 tuetur,
269 680 351 698 sustinet
368 680 466 698 decretum
481 680 571 704 Episcopi
588 680 607 698 in
626 686 660 698 suo
677 680 745 698 robore
764 683 849 698 manute-

178 711 261 730 nendum
275 717 322 729 esse.
339 711 364 729 Et
378 711 397 729 in
415 711 481 735 primis
499 711 600 729 ostendere
618 714 697 729 conatur
715 716 780 730 curam
796 710 850 729 habi-

176 742 248 761 tualem
262 742 363 767 paroeciae
378 742 396 760 in
411 748 456 760 casu
471 748 509 761 non
524 746 633 767 competere
652 742 769 767 collegiatae,
789 748 848 766 quum

176 766 267 798 paroecia
280 773 406 798 praecesserit
420 779 454 798 per
468 773 522 798 plura
536 773 613 792 saecula
623 773 683 798 ipsam
693 773 848 792 constitutionem

177 804 296 829 collegiatae,
312 811 373 829 neque
388 808 463 823 constat
476 804 537 829 ipsam
551 804 608 823 fuisse
627 800 718 823 canonice
735 804 847 823 institutam.

177 836 285 857 Caeterum,
301 835 365 854 subdit
379 835 425 860 ipse,
440 836 535 860 parochus
549 840 608 854 totam
627 836 732 855 animarum
746 842 811 854 curam
829 836 847 854 in

177 867 217 886 iure
232 866 329 886 fundatam
343 867 417 888 retinet,
432 867 478 885 dum
492 873 503 885 e
517 871 583 885 contra
597 867 621 885 de
638 867 678 885 iure
696 869 734 886 non
743 871 773 885 est
782 873 847 886 curam

177 898 293 917 habitualem
307 904 367 922 penes
381 897 484 923 capitulum
499 898 588 917 residere.
604 898 664 923 Signa
683 902 793 923 praeterea,
808 899 848 923 qui—

177 929 213 948 bus
232 929 351 954 dignoscitur
366 934 425 948 totam
445 929 550 948 animarum
567 936 631 948 curam
650 929 732 948 residere
750 929 847 948 exclusive

177 966 237 985 penes
251 961 361 985 parochum,
371 965 436 980 essent
445 961 461 979 si
471 961 564 985 parochus
573 961 656 986 eligatur
665 967 699 985 per
708 967 821 980 coneursum
828 965 848 980 et

177 992 192 1010 si
207 998 267 1016 penes
280 992 343 1016 ipsum
358 992 439 1011 resideat
449 992 562 1011 universitas
571 992 664 1011 bonorum
679 999 701 1011 ac
711 992 847 1011 iuriumeccle-

177 1023 222 1044 siae.
238 1023 399 1047 quemadmodum
413 1023 473 1048 liquet
490 1030 514 1042 ex
533 1023 607 1048 placitis
625 1023 747 1042 Reiffenstuel
766 1024 808 1049 (lib.
825 1030 846 1048 j,

176 1054 205 1073 tit.
214 1059 230 1078 5
238 1054 373 1078 deprasbmd„
384 1061 402 1074 n.
413 1055 464 1080 142),
479 1059 499 1073 et
513 1055 544 1073 De
553 1055 606 1073 Luca
620 1054 659 1080 (Da
666 1055 750 1079 paroch„
760 1055 805 1074 disc.
816 1061 846 1076 10,

177 1092 196 1104 n.
204 1085 260 1110 5-7).
275 1086 361 1104 lamvero
371 1086 390 1104 in
399 1086 483 1104 themate
494 1086 588 1110 parochus
597 1086 673 1111 eligitur
682 1092 716 1111 per
726 1092 845 1108 concursum,

176 1117 255 1141 eiusque
270 1117 320 1135 hona
334 1123 410 1142 semper
423 1117 498 1136 fuerunt
511 1123 523 1136 a
537 1118 592 1136 bonis
606 1117 740 1142 capitularibus
754 1117 844 1136 seiuncta.

218 1148 292 1167 Deinde
307 1153 398 1173 patronus
411 1148 493 1173 gradum
507 1148 551 1167 facit
565 1149 589 1167 ad
607 1152 728 1173 praetensum
747 1148 846 1168 canonico-
